2872 4890
227 332 380 424 rs‘

171 567 353 642 miseruut
383 559 580 662 Saraguri,
618 512 760 659 Vrogi,
790 567 829 632 et
857 553 1129 658 Hunugori
1174 553 1266 633 Hac

21 686 24 703 '
171 685 298 776 gentes
327 666 491 770 propriis
525 660 677 742 sedibus
707 667 872 756 eiectae,
909 664 1102 738 commissa
1128 685 1263 763 pugna

172 801 261 853 cum
275 773 440 868 Sabiris,
467 795 564 874 quos
583 767 811 873 expulerunt
824 768 985 862 Anares,
1011 769 1178 845 Hunnos
1198 765 1264 843 A·

83 961 86 973 ,
171 879 335 959 cathiros
355 878 476 973 adorti
495 892 623 971 erant,
650 892 688 953 et
709 878 917 952 coniunctis
933 874 1101 967 viribus,
1128 871 1263 949 multis

33 1032 37 1046 =
172 987 323 1091 praeliis
353 987 452 1064 initis
481 1000 630 1086 gentem
662 982 918 1056 deuicerunt“
944 1010 981 1086 p.
1004 983 1133 1058 42·5.
1165 976 1262 1057 edit.

172 1095 287 1170 Paris.
317 1120 355 1195 p.
388 1093 449 1182 29.
478 1089 566 1167 edit.
599 1088 777 1166 Venetae.
810 1084 1083 1162 Menander
1110 1087 1264 1187 inquit:
1289 1158 1291 1163 .

25 1278 29 1287 ,
172 1194 432 1297 „Zemsrcbus
458 1212 585 1271 autem
606 1221 674 1299 per
689 1219 844 1270 menosa
859 1193 1014 1306 paludis
1028 1194 1101 1268 iter
1118 1190 1268 1269 faciens

173 1331 247 1411 par
264 1302 545 1380 decsmetduos
561 1300 640 1377 dias
658 1301 741 1386 loca
753 1316 953 1404 praeruptu
964 1315 1266 1402 praetergressus

172 1412 293 1511 attigit
327 1411 427 1511 ripas
458 1433 536 1485 non
563 1406 687 1481 solum
713 1406 873 1480 fluminis
901 1404 1020 1497 Hicb,
1055 1404 1120 1481 ssd
1145 1407 1267 1479 etiam

93 1582 98 1592 .
173 1511 314 1608 Daicb,
341 1530 526 1591 strumus
551 1536 621 1614 per
638 1511 728 1588 alias
752 1509 905 1614 paludes
932 1511 1095 1587 Attilam
1125 1509 1269 1615 (Etsi,

173 1620 362 1721 Volgam)
390 1618 477 1694 inde
504 1616 551 1694 ad
574 1619 857 1721 Hugoros“
883 1615 972 1695 Edit
993 1618 1091 1693 Ven.
1125 1643 1166 1719 p,
1198 1617 1268 1692 75.

173 1728 279 1804 Puris
305 1753 342 1829 p.
382 1725 470 1803 109.
494 1723 569 1799 Hic
598 1749 667 1825 per
692 1724 942 1825 ilsungum,
969 1723 1175 1826 Rugum,
1203 1723 1269 1799 V·

173 1858 287 1936 gros,
312 1833 486 1934 Vngaros
506 1827 767 1929 intelligendos
794 1829 928 1905 venire
948 1831 1024 1904 iam
1045 1832 1131 1905 Car.
1157 1830 1268 1905 Can·

174 1938 339 2016 tociarus
358 1941 397 2011 in
417 1937 518 2012 notis
541 1933 590 2013 ed
612 1932 865 2012 Menandrum
891 1935 1066 2010 aduertit.
1105 1931 1270 2013 Theo·

175 2042 308 2150 phau
321 2069 368 2120 es
387 2039 707 2144 Chronograpbua
726 2055 906 2117 testatur:
936 2040 1159 2139 „Heraclius
1177 2042 1270 2119 :Au-

175 2167 304 2254 gustus
331 2173 417 2225 cum
443 2172 513 2252 per
535 2147 723 2225 Lazorum
746 2148 981 2250 prouinciam
998 2150 1038 2222 in
1054 2146 1268 2247 Persidem,

175 2283 199 2331 a
230 2257 334 2332 cuius
363 2279 451 2358 rege
480 2251 647 2330 chosroi
674 2252 777 2328 bello
804 2253 1025 2350 dissidebat,
1049 2257 1273 2360 irrumpere

177 2375 402 2454 conaretur,
437 2358 604 2436 indidem
627 2357 767 2462 legatos
791 2383 877 2435 cum
899 2359 1007 2435 dunis
1033 2359 1083 2434 ad
1110 2363 1269 2439 Turco·

176 2493 264 2543 rum
288 2467 501 2568 Principem
521 2463 692 2562 destinat,
714 2464 962 2567 quibuscum
983 2464 1031 2542 ad
1055 2465 1146 2543 belli
1166 2494 1270 2545 oon-

176 2588 236 2649 tra
256 2573 386 2650 Persas
409 2573 625 2650 societatem
650 2571 839 2665 alliceret3
878 2574 910 2650 is
932 2574 1058 2649 statim
1081 2599 1105 2647 a
1131 2598 1272 2654 mense

175 2679 391 2783 septembri
411 2663 552 2780 (Anti
571 2678 737 2754 Heraclii
758 2679 885 2754 xv11.
903 2676 970 2752 cs.
995 2679 1070 2756 ers
1085 2678 1111 2778 ).
1141 2683 1270 2785 Copi-

145 2813 147 2817 ’
175 2811 215 2861 as
230 2810 316 2861 cum
329 2786 432 2860 Duce
451 2782 826 2886 Imperatori'tradit.
848 2783 1081 2872 Quibuscum
1095 2786 1136 2861 in
1166 2789 1271 2864 Pcr-

175 2891 295 2969 sidem
320 2892 469 2967 irruens
497 2887 637 2993 oppida
663 2888 868 2982 subuertit,
893 2907 1008 2992 atque
1029 2893 1124 2992 ignis
1150 2891 1271 2971 delu-

10 3019 16 3027 ’
176 2995 245 3072 bra
274 3000 489 3099 prosternit.
525 3038 578 3057 ·-
603 2997 717 3072 Turci
744 3022 835 3075 vero
857 2998 1138 3074 incumbentem
1163 2997 1271 3099 bye-

52 3344 55 3352 ’
149 3396 152 3403 ,
177 3317 250 3392 Per
272 3314 340 3391 bos
360 3316 504 3392 Turcos
525 3315 723 3416 Magyaros
743 3332 919 3414 nostros,

176 3127 276 3178 mem
302 3103 571 3206 prospicientes
592 3107 840 3188 -,societate
856 3101 947 3178 belli
967 3103 1112 3182 deserta
1131 3107 1269 3183 redie-

177 3224 278 3284 runt.
291 3214 315 3254 “
337 3235 375 3312 p.
404 3209 492 3286 296
512 3206 591 3282 edit
615 3208 792 3302 Venetae,
809 3209 922 3286 Paris.
949 3238 990 3390 p.
1015 3213 1091 3292 209
1105 3252 1157 3269 -
1172 3217 1270 3292 210.

966 3340 1073 3391 auces
1105 3318 1271 3397 Caucasi

77 3445 82 3455 ·
120 3418 122 3423 ’
179 3421 383 3497 incolentes
421 3446 497 3499 esse
529 3419 810 3524 intelligendos,
837 3423 996 3516 Nestor,
1022 3425 1273 3525 Scriptorum

178 3527 421 3605 Rusticor'um
438 3526 675 3623 Patrirrcba‚
702 3530 860 3603 euincit:
876 3530 912 3621 '„
927 3527 1049 3630 Vgri
1072 3533 1273 3633 imperan-

126 3672 128 3678 ·
177 3648 216 3709 te
238 3633 425 3728 Herodis,
451 3635 518 3734 qui
537 3633 714 3717 aduersus
731 3631 949 3730 Chosroim,
974 3637 1175 3711 Persarum
1184 3637 1273 3714 Re-

79 3763 83 3771 ·
178 3740 429 3841 gem,belium
449 3739 623 3841 gerebat,
650 3743 883 3816 innotescere
906 3759 1115 3846 coeperunt
1124 3747 1148 3788 “
1174 3745 1274 3820 An-

179 3845 255 3920 nai.
275 3874 312 3948 p.
345 3848 406 3924 45.
430 3845 636 3923 Confirmat
664 3845 882 3923 eorumdem
911 3863 1082 3924 constans
1102 3865 1147 3925 ‘et
1175 3855 1303 3931 vni,

65 3967 69 3979 ·
181 3949 313 4029 formis
343 3953 534 4032 Traditio:
561 3951 673 4049 „Vbi
702 3953 836 4031 fluuius
861 3933 978 4044 Cuma
1006 3980 1156 4030 amnem
1185 3959 1271 4057 By-

7 4060 13 4086 '
82 4079 87 4087 ’
182 4073 324 4135 cumam
346 4060 505 4162 recipit,
531 4062 645 4136 etiam
666 4084 758 4137 num
774 4060 880 4159 urbis
907 4059 1045 4137 rudera
1064 4063 1268 4158 uisuntur,
