2872 4890
134 252 273 366 '12

170 503 311 606 spicato
332 517 488 597 conatu,
506 498 931 581 samartanum-nisa.
952 500 1079 589 Critir„
1106 499 1140 589 1,
1160 501 1252 598 Μ.

138 685 143 695 ,
169 613 260 702 „De
279 610 385 682 Hun
399 612 550 711 garis:
583 608 1048 708 Hungarosexinteriori
1068 603 1156 682 Asia
1179 631 1256 678 ve-

170 719 291 806 nisse,
317 719 520 791 consentio·
534 715 1017 815 etiamnum-Deguignesio.
1042 713 1159 798 -In
1180 739 1253 787 va-

171 823 243 903 rias
261 820 381 899 uibus
400 846 466 919 per
487 824 613 902 Asiam
634 819 787 921 dispersi
813 847 896 922 pars
924 820 1077 905 illorum
1098 817 1145 891 ad
1174 816 1255 893 flu-

172 929 276 999 uium
292 926 421 1000 irtisch
451 929 613 1027 primum
633 924 806 999 consedit
832 967 884 1013 ς·-
909 921 1261 1022 inde,v1·gen,tibus

171 1029 227 1113 ab¹
245 1048 332 1109 ortu
352 1033 431 1107 aliis
454 1029 781 1134 populis„sensim
806 1030 852 1109 ad
870 1031 1008 1108 laicum
1029 1046 1065 1103 et
1088 1028 1256 1126 Volgam

170 1138 336 1238 prograsi
364 1135 595 1213 domicilium
620 1131 680 1209 hic
706 1133 863 1223 fixerat,
889 1133 1256 1234 Historiae.Regum

171 1242 385 1339 Hungariae
412 1243 522 1315 Parte
542 1244 570 1313 1.
597 1242 626 1337 l
647 1243 676 1317 Ι.
697 1239 881 1327 editBud.
909 1240 957 1316 A.
982 1243 1097 1314 1801„
1135 1324 1138 1329 ¹
1179 1300 1182 1307 .
1220 1266 1245 1309 .’
1291 1323 1297 1342 ι

104 1356 106 1361 ’
213 1422 216 1429 ,
266 1348 294 1442 l
327 1348 362 1422 6.
391 1345 464 1431 Qui
488 1347 691 1429 Historiam
718 1346 925 1435 Patriae'in
944 1344 1044 1442 regia
1064 1344 1254 1419 Scientia·

171 1475 257 1525 rum
287 1450 536 1524 Vniuersitate
566 1451 791 1551 Hungarica¹
813 1469 902 1525 sunt
933 1448 1106 1551 professi:
1136 1466 1178 1537 rt
1210 1452 1255 1524 in

171 1581 213 1630 re
236 1553 278 1629 fit
296 1555 488 1656 ambigua,
515 1556 652 1645 Duum·
670 1557 855 1650 virorum,
871 1580 970 1658 quos
982 1554 1253 1647 ,laudauimus,

171 1663 369 1749 sententias
394 1661 476 1764 plus
496 1663 619 1735 miuus
634 1677 730 1749 ‚tunt
754 1654 928 1762 amplexi,
975 1659 1254 1743 Celeberrimus

102 1858 103 1862 Ἰ
170 1768 380 1855 Historieus
417 1782 562 1863 noster,
600 1764 805 1867 Stephanus
836 1769 1010 1855 Katona,
1051 1781 1168 1839 totam
1205 1764 1256 1841 de

172 1875 316 1972 origine
347 1873 642 1959 Hunnorum
668 1875 923 1972 quaestionem
952 1885 1185 1972 postremum
1214 1873 1255 1944 in

134 2035 136 2040 .
171 1977 296 2052 medio
327 1977 563 2075 relinquens,
601 1979 639 2049 in
668 1979 776 2061 auitis
809 1977 1065 2069 Attilanorum
1099 1975 1257 2053 sedibus

172 2083 362 2157 Ammiani
384 2081 594 2156 Marcellini
618 2086 828 2155 auctoritati
851 2082 1084 2183 subscripsit:
1112 2083 1275 2175 „quat

173 2188 219 2273 tle
239 2187 316 2279 his,
351 2187 497 2288 inquit,
536 2189 773 2265 Ammianuua
807 2188 1090 2281 Marcelli-uum,
1118 2203 1257 2263 testem

172 2290 448 2392 synchronum,
477 2290 632 2386 audire3
658 2297 726 2392 qui
741 2291 854 2385 ⁸sedes
870 2297 1036 2396 ipsorum
1056 2317 1099 2381 ac
1125 2319 1259 2387 mores

172 2402 226 2472 ita
251 2396 420 2500 depingit
451 2398 556 2497 (Lib.
585 2397 738 2473 XXXI,
766 2424 844 2499 cup.
863 2400 966 2498 „lit
985 2398 1260 2503 „Hunnorum

171 2529 279 2604 gens,
307 2505 554 2587 monumentis
573 2504 762 2579 veteribus
781 2504 915 2580 leuiter
936 2518 1038 2596 nota,
1063 2503 1162 2601 vltra
1183 2531 1264 2604 pa-.

171 2609 277 2689 ludes
315 2610 541 2702 Maeoticas,
592 2609 783 2708 glacialem
829 2608 1019 2697 Oceanum
1059 2609 1257 2703 accolatus,

61 2721 65 2727 '
173 2739 322 2789 omnem
344 2713 498 2791 modum
519 2714 674 2790 feritatis
692 2712 848 2791 excedit.
863 2723 885 2760 ‘⁶
914 2715 1161 2805 HistoriaeM.
1175 2716 1257 2790 Ec-

172 2821 305 2896 clesiae
327 2820 539 2897 Colocensis
549 2813 769 2907 Prodromu.
782 2821 865 2911 Ρ.;Ι.
876 2847 911 2922 p
929 2821 986 2896 46.
998 2820 1066 2903 His
1078 2821 1190 2920 proin
1214 2824 1257 2894 in

172 2928 389 3001 sententiam
416 2929 587 3002 Consocii
611 2928 690 3019 sui,
718 2930 787 3027 qui
811 2927 910 3026 ipsos
936 2951 982 3015 cir
1007 2923 1136 3003 ultima
1153 2927 1257 3000 Tar-

172 3034 287 3124 taria,
315 3031 453 3105 Chinae
474 3031 525 3104 ‘ad
545 3032 855 3133 Septentrionem
874 3032 1070 3134 oppositu,
1097 3029 1256 3123 eduxit,

173 3139 332 3212 transiit.
360 3133 472 3222 Quod
493 3137 608 3219 auitas
629 3138 976 3235 Huugarorum
1002 3136 1104 3211 sedes
1129 3139 1256 3238 respi-

115 3290 120 3301 ·
173 3233 256 3336 cit,
271 3243 448 3340 anonymi
469 3242 581 3338 Belae
601 3244 709 3344 Regis
735 3245 881 3343 Notarii
902 3244 1161 3316 auctoritatem
1190 3268 1256 3316 se-

174 3366 314 3449 quutus
332 3352 404 3421 ait:
433 3403 456 3441 ‚,
469 3346 580 3422 Vnde
599 3338 895 3446 Hungari'suam
922 3351 1103 3446 originem
1129 3344 1257 3423 duxe-

173 3457 275 3545 rint3
303 3478 371 3525 cur
392 3454 508 3530 auitas
526 3451 626 3528 sedes
647 3479 729 3529 suas
755 3453 1002 3545 deseruerint,
1028 3449 1256 3550 Anonymus

173 3560 284 3635 Belae
303 3558 479 3632 Notarius
498 3560 535 3631 in
562 3559 702 3659 litteras
724 3560 773 3634 ita
791 3558 936 3632 retulit:
966 3559 1100 3652 „Gens
1123 3559 1257 3658 itaque

127 3744 128 3748 ,
174 3665 396 3759 fortissima,
424 3678 461 3736 et
487 3663 673 3737 bellorum
695 3662 890 3738 laboribus
906 3665 1173 3766 potentissima,
1188 3705 1254 3757 ¹-

175 3768 222 3843 de
251 3785 359 3867 geute
391 3765 561 3870 Scythica
593 3767 701 3842 duxit
731 3770 927 3868 originem.
976 3772 1024 3849 Et
1050 3783 1149 3841 terra
1173 3769 1255 3853 ‚itta

175 3876 286 3959 nimis
315 3892 394 3950 erat
422 3877 532 3978 plena
559 3873 866 3950 ex⁴multitudine
887 3874 1147 3976 populorum,
1174 3875 1282 3958 iuis

178 3980 224 4063 bi
234 3997 432 4083 generata,
459 3999 499 4060 vt
515 4005 585 4061 nec
604 3982 703 4058 alere
725 4006 810 4057 suos
829 3981 1026 4075 sufficeret,
1046 4004 1121 4057 nec
1139 4005 1253 4082 cape-
