2872 4890
1164 286 1365 411 ts.¹

189 547 342 623 nomine
362 544 525 630 Araxes¹
554 542 795 620 orientalibus
816 544 940 643 Eril),
981 564 1168 650 quartum
1194 577 1267 624 no·
1327 617 1332 623 .

188 656 354 729 minatur
379 653 485 725 Inito
511 646 643 748 (hodie
669 649 795 748 Ural).
826 651 974 733 Ibamus
1000 681 1067 755 per
1092 657 1270 730 Comani·
1321 690 1323 695 ·

188 787 246 834 nm
267 755 470 860 equitando
493 754 701 842 fortissime.
745 758 848 832 Haec
874 761 1116 835 Comaniaab
1139 765 1267 864 Aqui·
1356 795 1358 804 ·

185 850 277 939 ione
306 862 515 937 immediate
543 876 625 962 post
666 865 833 939 Russiam
864 862 975 940 habet
1004 866 1239 968 Morduynos
1254 925 1266 961 ‚

186 971 352 1064 Bileros,
391 968 484 1042 idest
518 991 686 1066 magnam
721 968 952 1070 Bulgariam,
982 964 1266 1068 Bastareos',
1314 1023 1316 1032 ι

186 1074 306 1150 idest:
346 1098 553 1174 magnum
590 1073 926 1176 Huugariam3
965 1095 1048 1180 post
1074 1082 1265 1155 Bastarcos

185 1181 379 1280 Parosytas
398 1196 436 1253 et
452 1183 710 1278 Semogetas.“
759 1179 860 1257 Vide
879 1185 1002 1256 Tomo
1024 1183 1094 1257 IV.
1127 1184 1214 1260 Vol.
1233 1187 1263 1260 1.

205 1432 257 1518 ’Ἴ
272 1405 453 1496 ¹Aseellinus
471 1439 539 1495 erat
555 1409 661 1492 socius
681 1429 802 1494 itineris
822 1432 944 1496 ioannis
969 1455 988 1496 a
1010 1435 1108 1497 Plano
1128 1436 1266 1522 carpini.

281 1605 331 1708 4.)
372 1607 468 1701 „De
494 1605 647 1697 Russia,
676 1603 800 1704 inquit
827 1602 888 1676 Fr.
915 1602 1009 1678 Wil.
1026 1603 1087 1679 ·de
1103 1604 1268 1682 Rubru-·

168 1692 286 1817 ‘quis,
315 1712 357 1811 *)
396 1710 441 1784 de
474 1710 630 1803 Moxel‚
668 1725 706 1782 et
736 1710 878 1782 maiore
900 1709 1088 1808 Bngarie,
1115 1715 1267 1811 etha-

183 1819 357 1912 scatir‚
386 1841 481 1918 quae
510 1831 564 1891 est
589 1815 744 1889 maior
771 1814 1047 1916 Hungnria,
1074 1833 1112 1890 et
1135 1817 1266 1914 Kersis

184 1966 237 1981 -
280 1947 377 2024 quae
410 1947 537 1995 omnes
568 1935 655 1996 sunt
690 1923 862 2021 regiones
888 1918 933 1992 ad
965 1920 1193 2022 Aquilonem
1225 1942 1266 2003 et

181 2029 313 2132 plenae
333 2028 447 2127 syl-uis
474 2065 527 2083 -
553 2043 592 2100 et
620 2025 699 2098 aliis
718 2016 845 2098 multis
869 2027 1085 2127 regionibus
1107 2026 1267 2108 adlatus
1312 2116 1315 2124 ,
1339 2052 1344 2061 ·

159 2134 425 2237 nquilnnare,
451 2130 686 2205 adducuntur
708 2132 759 2204 eis
787 2132 1267 2235 (Tartaro-Mongolibus)

183 2239 301 2342 pelles
329 2238 512 2341 pretiosae
538 2235 646 2323 multi
666 2237 833 2335 generis,
872 2262 965 2336 ques
985 2263 1168 2338 nusquam
1187 2241 1266 2315 ridi

160 2346 220 2457 in
240 2344 407 2445 partibus
426 2343 573 2418 nostris.
588 2347 612 2386 “
640 2340 688 2415 V.
711 2343 818 2416 Tum.
842 2342 907 2415 1V.
928 2342 1016 2416 vot.
1049 2344 1096 2417 Π.
1116 2370 1149 2445 p.
1174 2345 1262 2422 265.

221 2492 251 2578 *)
283 2489 478 2557 Wilhelmus
506 2486 687 2571 Rubrnquis
716 2508 736 2549 a
750 2461 927 2550 vLudonieo
948 2491 1003 2553 IX.
1030 2489 1152 2580 Galliae
1175 2478 1263 2579 Rege

272 2599 384 2661 missus
405 2607 453 2660 est
470 2595 512 2665 nd
531 2594 658 2658 eosdem
669 2597 819 2677 Tartesos
840 2594 898 2656 eir.
915 2596 953 2657 A.
981 2603 1070 2660 1252.

276 2775 306 2874 ᾗ.
339 2775 400 2847 11.
441 2771 671 2870 Hungnriam
711 2764 806 2843 hanc
840 2794 1011 2870 magnam
1039 2794 1117 2845 non
1154 2772 1265 2876 plane
1394 2848 1400 2858 ,

173 2885 445 2982 ignorauernnt
464 2878 646 2950 Historici
677 2877 814 2949 nostri:
855 2877 985 2949 Simon
1017 2904 1037 2950 a
1063 2879 1165 2950 Keza
1186 2883 1260 2955 ait:

184 2983 397 3083 Scythicum
430 3007 589 3083 regnum
623 2978 956 3080 comprehensione
983 3005 1056 3054 vna
1076 2984 1260 3084 cingitur,

179 3091 303 3169 sedin
333 3112 446 3187 regna
478 3090 550 3161 tria
569 3086 771 3160 diuiditur:
800 3084 1015 3159 Barbariam
1043 3087 1146 3186 (MS.
1177 3093 1207 3165 B
1217 3121 1261 3164 a.

177 3192 437 3291 seardiam)
473 3191 632 3293 scilicet,
673 3180 1258 3294 Dentiam'et-Mngerium

180 3306 288 3404 (MS.
317 3296 548 3401 Magnriam)
576 3296 705 3371 diuidi.
746 3338 798 3352 —-
825 3297 888 3371 Ab
909 3298 1057 3387 ,oriente
1084 3298 1258 3396 Scythico
1340 3293 1342 3298 ¹

177 3434 296 3511 regno
326 3405 644 3479 Iurianorum
670 3428 827 3503 regnum
850 3416 886 3474 et
909 3418 991 3501 post
1019 3399 1108 3477 haec
1132 3408 1261 3482 Tarsi·
1290 3447 1293 3454 ·
1390 3464 1393 3475 .

176 3523 260 3607 nm,'
288 3509 437 3588 tandem
463 3508 695 3610 Mongoiiam
715 3511 827 3605 iungi.
840 3513 863 3569 “.
907 3506 1118 3583 Chronicon
1142 3513 1257 3609 Hun-

175 3649 250 3722 gar.
270 3622 310 3694 P.
333 3619 361 3692 Ι.
390 3616 431 3692 C.
453 3617 507 3715 V.
521 3643 558 3718 p.
578 3616 638 3691 49.
662 3669 704 3704 „‚
714 3610 886 3710 Scythiae
913 3612 1042 3688 Bessos
1064 3633 1100 3687 et
1120 3618 1256 3703 Coma·
1372 3660 1374 3664 -

177 3753 246 3817 nos
270 3724 390 3800 Albos
411 3722 591 3811 vicinnri3
627 3717 673 3792 ab
703 3720 891 3792 occidente
911 3706 1254 3821 vsque'Susdeiinm
1299 3766 1301 3770 Α

178 3829 360 3904 desertum
400 3853 477 3903 esse
514 3825 728 3924 syluestre“
767 3827 827 3898 ait.
858 3853 893 3926 p,
928 3827 988 3898 50.
1036 3822 1253 3921 Chronicon
1388 3902 1391 3909 Α

150 3952 300 4011 7ειυιειιι
327 3933 494 4009 Budense
520 3933 599 4007 MS.
631 3929 735 4032 quod
768 3930 919 4032 explicit
937 3956 1037 4011 enno
1057 3950 1143 4008 ante
1168 3961 1251 4019 cue·
1288 3979 1291 3988 ·

176 4040 261 4120 dem
284 4039 421 4118 Cnrolo
439 4038 610 4127 Roberto
634 4039 680 4114 tt.
706 4036 753 4111 H.
786 4039 1011 4215 intentatnnp
1022 4088 1059 4178 ‚*
1082 4092 1104 4132 „
1118 4039 1249 4127 inPe÷
1274 4093 1276 4098 »
