2872 4890
359 1162 452 1273 Ad
499 1183 845 1285 Lecturam.

65 1521 404 1714 Magyarorum,
421 1629 464 1693 ac
484 1599 706 1706 Chunorum
729 1605 989 1706 iasonumque
993 1661 1005 1696 ,
1034 1609 1145 1685 Hun-
1231 1698 1235 1709 Ι

56 1716 185 1814 ,garine
218 1710 465 1802 Accolarum,
492 1708 658 1798 sedibus
665 1711 794 1800 auitis,
820 1725 859 1783 et
884 1727 970 1785 ortu
994 1715 1146 1816 indaga-

63 1821 130 1910 tis,
157 1841 334 1917 grauem,
371 1840 415 1889 ac
439 1765 618 1890 ibdustria
646 1817 877 1940 superiorem
904 1823 1017 1892 sumsi
1040 1820 1148 1895 labo-

61 1948 163 1997 rem·
191 1947 264 1999 nec
285 1924 385 1997 enim
410 1906 572 1995 Maiores
593 1920 734 2010 nostri,
763 1945 882 2021 quum
900 1923 937 1993 in
967 1921 1067 1999 hunc
1086 1953 1147 2001 sc-

44 2035 100 2104 'se
136 2026 269 2102 orbem
298 2021 502 2102 reconditis
534 2023 582 2100 dc
603 2023 799 2114 cunabulis
822 2027 1055 2121 intulerunt,
1083 2030 1148 2105 lit-

61 2134 150 2207 teris
172 2132 368 2233 quidpiam
388 2102 574 2207 duxeruut
595 2128 908 2228 consignandum
935 2132 1000 2209 sed
1001 2160 1146 2238 neque
1183 2144 1186 2150 ’

61 2240 202 2363 exteri,
230 2239 365 2312 Graeci
391 2237 589 2338 Latinique
623 2235 816 2337 quidpiam
843 2241 1011 2313 accurati
1035 2259 1145 2340 pote-

60 2359 146 2416 rant
172 2346 216 2424 iis
248 2345 286 2415 in
305 2343 647 2469 perturbatissimis
672 2340 889 2436 beliorum,
916 2369 958 2418 ac
977 2350 1143 2446 gentium

43 2449 226 2523 'inuicem
243 2452 530 2524 commissarum
556 2447 783 2550 temporibus
801 2398 991 2536 odnbtare.
1021 2453 1144 2554 Aegre

59 2556 203 2656 quippe
223 2571 304 2628 tum
328 2553 488 2628 Maiores
509 2569 661 2626 nostros
675 2552 735 2624 vel
764 2554 1014 2645 Mercatores‚
1042 2583 1143 2658 quo

59 2683 145 2732 rum
165 2659 236 2734 fide
260 2661 520 2734 vetustissimae
533 2675 619 2732 sunt
639 2660 731 2731 rnstr
734 2675 840 2733 uotae
852 2661 1055 2756 Historiae,
1067 2691 1141 2764 po·
1144 2694 1147 2700 ·
1243 2754 1246 2765 ,

60 2781 182 2839 terant
198 2764 321 2859 adire3
349 2767 473 2849 minus
495 2763 635 2837 adhuc
634 2789 766 2840 rorum
782 2767 1051 2842 consuetudine
1069 2796 1143 2893 po

46 2874 150 2961 riri,
176 2897 223 2946 ex
252 2876 413 2973 ipsisque
437 2873 674 2970 percontari3
703 2872 855 2944 minime
883 2874 1053 2946 omnium
1080 2878 1141 2948 in·
1230 2960 1231 2964 ι

59 2975 227 3075 telligere
250 2978 369 3051 licuit:
400 2978 570 3049 inusitato
595 2974 768 3063 videlicet
794 2976 960 3075 vulgatos
980 2977 1139 3075 feritate,

58 3106 102 3153 ac
121 3106 292 3160 sermono
325 3108 409 3155 rsos
440 3080 640 3157 admodum
669 3084 893 3186 peregrino,
914 3086 1025 3186 proin
1055 3085 1137 3161 sor

30 3226 41 3240 a
59 3185 252 3286 midabiles
273 3202 311 3262 et
330 3188 558 3263 inaccessos..
621 3246 626 3254 .

78 3395 225 3486 Qui
248 3399 364 3473 moliti
384 3411 470 3472 sunt
491 3421 584 3498 opus
609 3393 680 3471 boc
707 3395 868 3523 groude,
897 3425 967 3501 pro
984 3417 1131 3505 tempo

57 3480 167 3592 rum,
194 3531 290 3606 quae
312 3496 509 3593 sinebant,
538 3529 661 3589 more,
690 3506 884 3606 opiniones
905 3504 1130 3606 quosdame

55 3637 286 3712 quocunqne
310 3609 435 3684 audito
462 3624 704 3703 assumentes,
733 3609 908 3685 multos
897 3637 934 3683 ιιι
967 3633 1130 3692 suosmet

14 3806 16 3812 Α
60 3716 282 3804 induxerant
309 3741 478 3790 errores
507 3729 633 3814 gentes
657 3741 717 3789 eas
749 3719 827 3790 sine
853 3714 1130 3817 conditoribus,

57 3822 136 3896 sine
153 3815 366 3916 laribus,
338 3847 465 3920 vagas,
494 3846 616 3920 neque
640 3820 783 3912 liberas,
811 3838 850 3896 ct
866 3819 1082 3924 quidquid
1069 3855 1132 3902 ru·-

57 3925 211 4001 solitum
233 3947 330 4022 erat,
357 3927 402 4002 ad
423 3953 527 4006 suam
557 3925 742 4020 indolem,
770 3929 922 4001 affectus
950 3943 988 4010 et
1013 3916 1133 4010 studia

57 3985 330 4136 depinxeruut;
352 4031 481 4136 quod
473 4031 519 4108 de
535 4032 736 4110 Historicis
748 4033 1132 4212 primislaqimaduer·
