2872 4890
1051 331 1099 403 75

90 556 99 568 ·
168 538 197 633 ᾗ.
230 539 292 610 att·
326 536 382 609 Ex
418 533 672 609 his‘clarescit
704 535 891 638 Magyaris
925 542 1154 642 propinguos

64 644 226 719 omnino
247 667 324 715 esse
343 643 396 740 1.)
424 644 542 717 Finn
556 669 699 715 oscum
722 644 897 717 omuibus
919 650 992 718 suis
1012 669 1153 747 propa·

64 748 248 854 ginibus:
289 748 471 848 reliquiae
500 751 602 820 caim
630 766 717 821 sunt
737 748 980 844 Chunorum,
1017 782 1037 825 a
1058 753 1153 825 Per-

66 852 209 955 iergcte
234 857 307 927 iam
337 871 736 947 commemoratorum,
777 857 842 956 qui
865 863 1009 955 cognati
1038 859 1152 932 nobi-

65 988 173 1052 scum
203 977 300 1035 sunt.
341 961 391 1058 2.)
420 953 701 1033 Turcomanuos
734 976 771 1033 et
803 963 958 1055 Turcas,
996 964 1150 1062 Imperii

67 1066 321 1145 Ottomannici
341 1065 577 1139 fundatores:
606 1067 717 1166 primi·
737 1068 836 1140 enim
856 1084 942 1139 sunt
963 1069 1153 1142 indubita*

68 1177 100 1248 ti
118 1171 337 1254 Chunorum
358 1171 603 1244 Orientalium
623 1175 659 1242 in
685 1172 833 1245 sedibus
859 1175 966 1245 auitis
992 1179 1152 1273 posteri3

68 1282 162 1353 item
174 1280 331 1368 Tuscae,
355 1280 420 1378 qui
438 1275 550 1378 elapsi
570 1275 672 1367 inde,-
695 1281 732 1350 in
752 1281 1037 1353 viciniamontis
1053 1283 1168 1354 Cau⁴
1219 1309 1222 1314 ·

48 1386 163 1477 cast,
190 1407 301 1481 supra
326 1387 540 1458 Armenia-m
571 1381 821 1478 considentes,
861 1386 1059 1484 imperium
1081 1385 1153 1458 Ot-

70 1490 326 1566 tomanuicum
347 1487 623 1563 fundauerant:
653 1538 676 1580 „
692 1492 764 1589 Ipsi
786 1492 885 1561 enim
906 1493 1022 1564 Turei
1047 1491 1093 1566 de
1115 1518 1153 1567 se

38 1627 41 1631 ·
59 1593 298 1700 'praedicant,
327 1621 363 1668 se
382 1621 428 1666 ex
445 1610 586 1679 vetusta
618 1591 654 1664 H
667 1622 689 1664 u
701 1619 724 1664 n
736 1621 758 1664 n
774 1619 796 1664 ο
808 1620 828 1664 r
840 1621 863 1665 u
875 1621 912 1665 m
944 1597 1152 1689 colonia,

69 1727 168 1804 quaa
184 1702 220 1771 in
241 1702 375 1773 vicinia
391 1700 538 1772 Caucasi
561 1698 789 1791 consederat,
818 1715 925 1775 ortos·
946 1707 1045 1776 esse“
1071 1703 1154 1778 Ab·

67 1803 119 1881 be
139 1803 187 1879 de
209 1807 319 1880 Porte
340 1808 377 1878 in
397 1802 594 1882 Itinerario
620 1832 656 1906 p,
687 1803 777 1888 559,
805 1805 997 1880 Consentis
1016 1809 1155 1906 Scylax.

71 1928 112 1986 et
139 1912 236 1984 Gaza
267 1937 431 2016 quoque.
475 1911 526 2007 5.)
553 1907 638 2003 Osi,
665 1905 803 2002 Ahari,
840 1911 1052 1987 Calatschae.
1081 1930 1156 1986 etc.-

74 2013 271 2095 Caucasiae
304 2015 456 2120 populi:
499 2033 585 2089 sunt
619 2018 717 2088 enim
750 2018 937 2107 Vzorum,
966 2016 1152 2093 Chazaro-

75 2150 187 2214 rum,
213 2139 271 2196 aut
296 2125 451 2194 aliarum
482 2122 650 2196 tribuum
682 2121 931 2198 Chunicarum
956 2124 1155 2224 reliquiaess
1198 2189 1201 2195 ,

69 2227 140 2326 4)
158 2229 343 2331 Inquusii,
387 2253 428 2300 ae
457 2226 581 2301 Battili
607 2229 645 2300 in
681 2228 968 2304 occidentalibus
1001 2231 1152 2336 Caucasi

72 2334 189 2438 iugis,
216 2333 262 2407 ad
292 2334 629 2434 Septentrionem,
669 2338 733 2436 qui
767 2339 911 2440 origine
939 2338 1152 2439 Magyarica

69 2440 291 2538 gloriantur.
334 2438 386 2537 5.)
410 2438 545 2513 Gentes
568 2438 774 2542 Vogulicae
800 2461 837 2515 et
864 2439 1088 2516 Condini'cae
1107 2441 1156 2516 ad

70 2546 259 2647 Volgam,
298 2548 456 2648 Magnae
497 2539 712 2647 Hungariae
748 2547 958 2620 incolarum
999 2549 1155 2649 posteri,

70 2652 126 2750 6.)
162 2652 311 2753 Bulgari
339 2654 571 2755 primigenii:
606 2651 743 2725 horum
777 2655 877 2725 enim
909 2654 1083 2727 Parentes
1111 2655 1151 2725 in

68 2759 240 2832 claustris
275 2759 455 2832 Caucasiis
487 2775 702 2858 separarunt
725 2784 763 2832 sc
790 2757 836 2830 ab
871 2760 1082 2860 Hungaris,
1109 2783 1153 2830 as

71 2868 237 2967 primum
267 2865 311 2938 ad
340 2863 500 2964 Volgam
541 2889 697 2963 regnum
729 2864 956 2938 fundarunt:
998 2893 1043 2939 ex
1073 2889 1151 2964 quo

63 2969 180 3045 ‘subin
204 2968 248 3042 ad
268 2969 357 3044 fines
377 2969 565 3060 Thraciae,
591 2974 631 3042 in
649 2970 857 3071 Balgariam
882 2973 1037 3073 nigram,
1057 2995 1152 3044 coa*
1260 3015 1264 3024 .

70 3091 272 3150 cesserunt.
303 3076 338 3172 *)
823 3106 825 3111 ·
901 3086 914 3104 ”

41 3314 45 3321 ·
114 3266 146 3367 *)¹
170 3287 236 3346 Hae
255 3293 363 3368 gentes
384 3284 422 3344 ab
445 3270 670 3367 'antiquissimis
692 3285 887 3368 temporibus
906 3285 1018 3345 viuunt
1043 3281 1082 3342 ab
1104 3283 1153 3342 ia-

142 3392 267 3465 ¹tricem
299 3392 490 3467 disiunctae,
525 3389 588 3448 alio
620 3388 679 3448 sub
709 3389 822 3465 coelo,
857 3389 925 3448 aliis
950 3387 1089 3454 moribus
1116 3408 1151 3449 ae

139 3553 143 3559 .
170 3492 364 3566 commercii-s
381 3523 389 3576 3
411 3497 501 3580 proin
521 3495 596 3556 alias
615 3502 740 3578 quoque
760 3495 987 3570 formauerint,
1010 3503 1064 3554 aut
1081 3514 1152 3552 ntu-

169 3605 249 3674 taati
273 3605 333 3664 sint
351 3624 462 3683 voces,
485 3603 603 3662 formas
623 3609 683 3661 etc.
705 3609 752 3660 est
777 3618 920 3676 necesse3
943 3598 1014 3678 hinc
1036 3597 1150 3669 mirum

173 3709 257 3773 haud
280 3719 345 3786 est,
373 3708 399 3774 si
419 3718 527 3782 mutuo
546 3715 662 3781 semet,
686 3716 720 3766 rt
741 3703 948 3790 Sajnovicsius
966 3704 1019 3777 ‘de
1047 3686 1151 3762 F'innis

72 3868 76 3875 .
167 3824 200 3881 et
221 3813 397 3898 Laponibus
421 3821 571 3888 testatur,
594 3833 790 3895 nequaquam
816 3809 1010 3890 intelligant3
1031 3827 1151 3889 cogna-

170 3921 287 3984 tionem
317 3941 402 3980 suam
428 3917 619 3994 traditione,
639 3925 693 3977 aut
715 3916 829 3977 litteris
850 3913 1001 3975 duntaxat
1020 3931 1153 3974 conseer-⁴r

73 4080 78 4089 .
170 4035 262 4103 uent3
286 4024 559 4107 indagantiumque
580 4043 707 4106 operata
726 4023 931 4100 frustrentur,
