2872 4890
359 303 458 375 84'

300 515 353 605 ni,
381 510 487 612 quod
508 511 877 600 sciam,'concessum
891 522 945 582 est
969 507 1382 606 Histonicorum3Dan-

300 616 478 694 kovszkio
503 616 669 697 omnium
696 616 860 688 minime.

260 795 264 801 ,
394 725 423 820 ᾗ.
449 722 516 799 58.
546 724 655 796 Doct.
681 719 909 797 Christianus
932 721 1073 818 Eugel,
1100 719 1189 795 dum
1219 723 1383 821 Magyn-

298 854 362 902 ros
380 828 600 929 eguhcrnio
618 826 853 926 Archangeli,
881 826 992 900 nullis
1012 826 1127 901 fultus
1143 831 1386 927 Scriptorum

299 936 514 1021 testimoniis
533 931 705 1026 deducit,
732 934 787 1031 (l.
816 925 877 1028 8.)
896 935 1066 1031 antiquas
1089 926 1188 1006 canit
1212 937 1382 1028 naenias,

297 1039 348 1113 ob
366 1038 616 1115 creberrimos
634 1042 673 1111 in
685 1039 852 1111 Historia
868 1039 1083 1138 Hungariae
1099 1063 1259 1130 errores,
1287 1040 1384 1130 alio-

277 1149 392 1244 .quin
410 1170 489 1220 non
512 1145 676 1245 paginis,
717 1142 782 1218 sed
811 1146 938 1218 Tomis
965 1142 1212 1238 refellendus,
1239 1148 1383 1221 morari

277 1340 278 1345 Ἰ
297 1267 384 1352 post
417 1253 492 1323 iam
518 1248 615 1324 dicta
642 1275 710 1323 nos
738 1246 838 1323 haud
860 1264 996 1352 potest.
1306 1314 1310 1319 .

393 1356 423 1452 p.
455 1357 517 1431 59.
533 1354 805 1430 Celeberrimos
821 1358 935 1437 etiam
953 1356 981 1428 F
983 1353 1140 1430 eszlerus
1148 1357 1382 1450 sententiam,

297 1487 373 1562 qun
404 1461 589 1563 primores
612 1473 778 1552 nostros,
806 1461 914 1534 nullo
940 1465 1059 1551 nixus,
1077 1461 1244 1537 Testium
1269 1487 1407 1562 praea·

218 1653 220 1659 ¹
278 1565 416 1662 aldio,
444 1565 641 1666 Mongoles
655 1564 764 1669 lecit,
786 1591 907 1666 quum
929 1567 1133 1644 Historiam
1152 1567 1383 1667 Mangolum
1418 1565 1421 1570 ’

296 1670 557 1765 orientalium,
583 1696 813 1770 suorumque
837 1674 1107 1770 Dynastarum,
1134 1697 1181 1746 ex
1201 1672 1381 1747 idiomate

294 1775 531 1876 Mongolum.
549 1802 617 1878 per
652 1778 699 1854 Is.
728 1779 800 1851 Ios.
841 1776 1010 1852 Schmidt
1038 1783 1088 1853 in.
1114 1778 1381 1853 Germanicum

294 1907 469 1975 versum,
507 1882 804 1984 liberalitateque
826 1885 1003 1961 Caesarea
1025 1883 1229 1960 Russorum
1252 1889 1382 1986 lmpe-
1416 1902 1420 1908 ’

294 1992 411 2065 rantis
445 1988 635 2090 Pctropoli
659 1988 800 2073 editum
831 1987 986 2089 legerit,
1024 1991 1182 2084 abnuet,
1210 2016 1282 2090 pro
1307 2017 1380 2071 suo

295 2097 427 2192 quein
449 2089 645 2170 veritatem
666 2093 789 2168 studio
800 2149 827 2184 ,1
848 2095 939 2169 dum
971 2099 1131 2188 vixerit,
1171 2096 1379 2172 reuocabit.

293 2202 411 2291 Erant
428 2200 492 2291 sl.
510 2201 706 2299 Mongoles
719 2226 806 2290 cum
817 2203 1003 2300 Magyaris
1017 2203 1140 2292 vicini,
1156 2227 1232 2275 non
1249 2202 1378 2276 iidem.
1405 2252 1407 2255 -

389 2307 419 2402 h.
449 2307 509 2381 60.
539 2308 681 2394 Mirum
716 2304 906 2379 videbitur
940 2308 1156 2398 nonnullis,
1193 2332 1253 2380 me
1290 2309 1381 2382 Mn-

292 2436 495 2510 gyarorum
510 2415 769 2512 cognationem
790 2437 867 2485 non
892 2406 1071 2512 Agare'nis
1093 2415 1381 2514 quoque-attri-

250 2567 256 2578 ·
292 2518 441 2610 buisse,
468 2543 635 2619 quorum
663 2521 816 2591 nomine
847 2517 1002 2608 Exteri,
1028 2518 1194 2592 Annales
1228 2521 1380 2619 praeci-

292 2649 368 2726 pue
388 2623 654 2724 sangallenses,
677 2626 776 2722 ipsos
804 2640 937 2698 notare
964 2622 1152 2717 solebant,
1184 2627 1279 2724 quin
1299 2628 1385 2727 ipse

292 2728 386 2802 adeo
397 2729 625 2818 Onke108,'iu
641 2724 857 2830 paraphrasi
869 2728 1203 2805 ChaldaicaPsalm.
1218 2734 1279 2806 82.
1290 2757 1327 2808 u.
1340 2737 1376 2805 7.

292 2889 318 2926 „
330 2835 447 2908 Moab
467 2849 504 2906 et
521 2837 733 2934 Agareni
757 2850 823 2906 etc.
846 2861 916 2934 pro
940 2839 1099 2934 Agareni
1119 2837 1256 2911 discate
1280 2837 1391 2931 sub-⁸

292 2942 433 3013 stituit:
464 2941 701 3039 Hungari.
732 2941 963 3038 Nautiquam
989 2958 1112 3015 tamen
1137 2941 1381 3018 mirandum:

291 3069 467 3143 cumpro
491 3070 534 3118 ea
564 3043 1006 3140 attestandasufficientes
1028 3047 1118 3122 mihi
1152 3051 1378 3148 nentiquam

216 3212 217 3215 ,
290 3165 489 3251 suppetant
528 3153 702 3223 rationes.
779 3153 994 3248 Agareni
1045 3152 1219 3255 prolecto
1259 3153 1377 3230 iidem

280 3273 421 3348 serant,
448 3259 514 3358 qui
537 3258 788 3331 Saraceni:
818 3261 1032 3354 promiscue
1048 3262 1149 3333 enim
1174 3277 1380 3344 sumuntur

97 3360 108 3377 ‘
224 3416 226 3420 »
294 3360 493 3460 Antiquis:
522 3417 544 3453 „
556 3363 768 3462 Imperator
791 3362 986 3439 Heraclius
1011 3367 1220 3464 Augustus,
1247 3368 1396 3466 inquit·

218 3531 240 3559 ,ἵ
293 3465 446 3564 Haytho
480 3468 547 3564 (in
569 3469 734 3542 Historia
758 3469 901 3542 Orient.
926 3468 1012 3544 edit.
1048 3470 1289 3546 Helmestadii
1321 3473 1377 3548 Μ.
1406 3485 1408 3490 ’

242 3574 243 3579 ’
294 3570 341 3645 D.
368 3573 563 3646 LXXXV.
594 3599 629 3673 p.
651 3573 859 3669 11-12.)
882 3577 1096 3650 Romanum
1115 3576 1382 3654 administrans

291 3678 512 3778 imperium,
549 3683 649 3753 misit
678 3680 881 3756 subsidium
912 3708 1086 3783 magnum
1121 3685 1294 3776 Graecis,
1330 3699 1377 3759 vt
1421 3733 1424 3743 -

248 3873 250 3875 ι
293 3780 491 3860 Ciuitatem
516 3783 761 3878 Antiochiae,
789 3803 987 3862 tuerentur
1009 3818 1029 3862 a
1051 3788 1201 3890 perfidis
1227 3792 1381 3867 Sara·-¹

292 3891 453 3983 crenis3
500 3905 537 3967 et
570 3892 661 3965 dum
689 3910 814 3990 gentes
854 3895 1094 3996 imperatoris
1123 3894 1285 3969 Heraclii
1323 3894 1403 3969 ad·

231 4018 234 4022 ’
293 3994 493 4091 quamdam
519 3999 716 4098 planiciem
752 4003 1032 4101 peruenissent,
1070 4028 1182 4102 quam
1213 4003 1376 4082 Possene

250 4108 252 4111 ’
290 4103 505 4203 nominant,
542 4106 735 4199 Sarraceni
764 4130 810 4182 ex
834 4108 1008 4207 opposito
1037 4111 1255 4200 venientes,
1282 4132 1373 4183 cnm
