2872 4890
118 235 120 241 ’
204 282 274 358 st

171 503 382 580 Molduuiae
410 500 580 599 contigua
608 513 681 593 est,
710 494 870 602 angulo,
906 496 1157 598 Scytharum,
1199 515 1266 575 aut

60 605 62 610 ¹
170 609 391 688 Chunorum
417 605 672 679 Attilanorum
704 607 901 707 reliquias,
940 612 1019 680 siue
1043 604 1265 681 Siculorum

170 744 219 793 ex
251 717 379 792 ltaliae
396 729 560 804 enuema
581 710 699 786 insuia
721 712 887 785 colonias
910 737 1004 787 esse:
1034 751 1086 770 —-
1113 710 1264 785 dissen-

170 826 300 897 tientia
331 822 432 895 enim
465 835 550 893 sunt
570 817 617 891 de
640 843 772 891 eurum
806 820 951 920 origine
988 819 1267 902 testimonia-⁴

171 927 327 1028 (chron.
367 922 564 999 Thuroczii
599 951 634 1025 p.
667 926 727 996 78.
757 923 866 997 Belae
902 926 1050 998 Notarii
1088 925 1180 1027 Cap.
1218 925 1263 999 L,

170 1034 337 1111 Bauzani
369 1059 405 1135 p.
433 1030 520 1106 554.
547 1027 645 1131 apud
674 1026 940 1126 Schwantner)
976 1032 1150 1105 sustineri
1177 1054 1269 1104 sune
1298 1036 1301 1042 ’

172 1143 327 1241 nequit:
366 1135 687 1239 quomodoenim
716 1135 1109 1213 triummillium
1141 1138 1266 1208 mani-

172 1246 286 1350 pulus
313 1261 444 1318 contra
474 1246 639 1342 gentium
671 1245 708 1315 in
741 1245 816 1316 oris
851 1241 925 1316 iliis
954 1240 1267 1315 tumultuantium

135 1435 143 1444 Ἴ
174 1352 379 1426 colluuiem
401 1372 469 1448 per
488 1347 609 1420 secula
629 1363 683 1419 tut
710 1346 1002 1436 libertatem,
1032 1348 1267 1447 linguam-

46 1513 49 1519 .
173 1480 267 1559 quc
293 1480 393 1528 suam
422 1453 676 1525 intaminatam
711 1456 892 1554 potuisset
921 1453 1070 1527 tueri?!
1098 1452 1174 1527 Sed
1198 1476 1268 1527 uec

175 1579 347 1636 veterum
367 1583 552 1665 cpnsonae
580 1556 794 1650 traditioni,
822 1586 897 1659 qua
930 1586 950 1631 a
978 1557 1116 1633 Chunis
1140 1557 1265 1632 dedu-

171 1682 325 1760 cuntur,
341 1667 455 1739 ausim
475 1680 616 1738 temere
638 1663 825 1763 refragari.
856 1669 1004 1739 Censen
1022 1667 1147 1763 proin,
1167 1667 1266 1766 ipsos

90 1765 92 1768 ’
174 1780 200 1847 a
227 1769 361 1846 chuno
385 1812 436 1827 -
461 1767 649 1862 Chazaris,
676 1770 876 1844 Cabaris
903 1771 941 1842 in
961 1772 1105 1871 specie,
1134 1787 1265 1845 ortum

147 1887 149 1889 ’
174 1904 286 1954 suum
311 1880 395 1951 iure
427 1875 617 1968 deriuare3
654 1900 740 1948 cum
771 1873 891 1948 tribus
917 1874 1008 1949 baec
1035 1879 1159 1976 primo
1185 1879 1291 1950 iens·

175 2000 262 2058 ante
279 2001 398 2058 castra
418 1984 683 2083 Magyarorum
707 1982 812 2073 loco,
840 1984 976 2084 primns
995 1985 1140 2057 etiame
1159 1983 1266 2056 Mol-

176 2089 285 2165 dauia
308 2113 451 2191 egressa
478 2089 516 2160 in
551 2086 813 2161 Vltrasilnania
839 2090 980 2188 ceperit
1007 2087 1129 2180 sedes3
1158 2088 1265 2188 quod

175 2197 288 2270 etiam
322 2194 481 2268 dialecto
510 2192 578 2267 sibi
613 2196 789 2294 propria,
824 2219 866 2283 ac
899 2195 1073 2295 Principe
1104 2221 1125 2268 e
1153 2201 1282 2294 gente-

175 2326 243 2376 sua
267 2300 447 2402 propriu,
482 2299 511 2373 si
542 2298 773 2372 Constantini
804 2298 844 2370 in
873 2326 1043 2400 purpura
1071 2301 1188 2400 geniti
1216 2299 1264 2373 de

175 2403 327 2481 Gabaris
364 2399 479 2479 verba
513 2403 810 2496 consideremus,
851 2403 998 2479 videtur
1029 2403 1262 2503 confirmari:

9 2566 13 2575 -
86 2556 112 2585 >.
172 2510 357 2608 „Cabari,
385 2513 511 2613 inquit
541 2511 625 2602 ille,
653 2509 945 2585 aChazarorum
972 2527 1080 2611 geute
1105 2509 1264 2586 descen-

173 2616 280 2692 du'nt.
309 2619 418 2691 Facta
440 2633 569 2695 ,autem
599 2619 697 2690 inter
729 2643 793 2711 eos
822 2618 1044 2711 secessione,
1081 2616 1262 2719 belloque

90 2716 92 2722 ’
172 2739 258 2798 orto
292 2724 414 2814 ciuili,
452 2723 558 2823 prior
586 2747 670 2823 pars
704 2720 815 2816 vicit3
855 2724 997 2822 quique
1025 2725 1137 2820 victi,
1174 2751 1260 2826 pars

172 2830 283 2928 occisi
310 2845 418 2918 sunt,
454 2855 539 2929 pars
560 2826 750 2929 fugientes
781 2826 827 2929 ad
853 2828 991 2903 Turcas
1017 2831 1055 2901 in
1083 2831 1261 2904 Pa'czina-

98 2930 100 2934 ⁴
171 2933 330 3009 citarum
360 2953 501 3011 terram
531 2960 568 3010 se
593 2931 858 3027 cumularunt,
892 2933 1024 3035 ibique
1050 2935 1152 3010 sedes
1185 2961 1259 3038 pu-

63 3126 65 3129 ,
171 3054 346 3130 suerunt,
382 3056 648 3141 contractaque
676 3056 804 3113 mutua
822 3043 1001 3132 amicitia,
1025 3039 1159 3116 Cabari
1190 3069 1261 3143 ap·-

102 3147 106 3154 ’
170 3144 298 3249 pellati
330 3160 437 3240 sunt,
476 3143 573 3218 vnde
608 3161 644 3218 et
680 3143 933 3237 Chazarurum
962 3147 1125 3248 linguam
1157 3141 1259 3249 ipsos

172 3250 381 3325 docuerunt
394 3280 404 3346 3
441 3248 656 3351 habentque
677 3254 789 3324 etiam
815 3250 926 3326 hodie
950 3253 1117 3326 eamdem
1138 3248 1260 3327 diale-

171 3373 294 3450 ctum3
320 3350 465 3456 aliaque
484 3360 571 3432 item
593 3359 802 3432 Turcarum
818 3359 943 3457 lingua
965 3374 1132 3436 utuntur.
1161 3357 1259 3445 Quia

169 3485 263 3535 vero
281 3459 500 3537 fortitudine
515 3462 648 3537 bellica
670 3481 708 3538 et
724 3467 942 3539 strenuitate
960 3475 1047 3538 neto
1065 3465 1145 3538 aliis
1164 3490 1259 3565 gen-

168 3569 266 3646 tibus
290 3569 547 3669 praestabant,
583 3572 704 3669 iisque
725 3572 764 3661 in
791 3568 953 3670 praeliis·
970 3571 1259 3665 antecedebant,

170 3675 403 3773 primumin
434 3672 604 3749 tribubus
638 3676 762 3750 locum
784 3673 1048 3769 obtinuerunt3
1089 3704 1259 3780 unusque
1289 3730 1300 3738 ,

170 3779 210 3850 in
238 3778 309 3850 illis
336 3781 454 3857 tribus
485 3778 718 3865 Cabarorum
743 3783 891 3882 populis
921 3785 1093 3883 princeps
1126 3803 1180 3858 est
1209 3784 1282 3868 ad,

169 3879 394 3960 hodiernum
411 3886 533 3963 diem“
549 3887 597 3960 de
617 3887 711 3987 adm.
734 3889 817 3988 Imp
843 3892 929 3988 Capi
952 3889 1137 3964 ΧΧΧΙΧ.
1150 3889 1256 3978 Quae

169 4005 208 4093 et
224 3985 424 4093 „Sze'kelyiis
454 3996 590 4074 nostris
611 3996 868 4088 conueniunt,
896 4008 931 4067 et
959 4020 1044 4070 cum
1073 3997 1259 4073 relatione·
1288 4038 1290 4042 2
