<?xml version="1.0" encoding="UTF-8"?>
<!DOCTYPE html PUBLIC "-//W3C//DTD XHTML 1.0 Transitional//EN"
    "http://www.w3.org/TR/xhtml1/DTD/xhtml1-transitional.dtd">
<html xmlns="http://www.w3.org/1999/xhtml" xml:lang="en" lang="en">
 <head>
  <title>
</title>
<meta http-equiv="Content-Type" content="text/html;charset=utf-8" />
  <meta name='ocr-system' content='tesseract 3.04.00' />
  <meta name='ocr-capabilities' content='ocr_page ocr_carea ocr_par ocr_line ocrx_word'/>
</head>
<body>
  <div class='ocr_page' id='page_1' title='image "./deavitismagyaro00fejgoog_0054.png"; bbox 0 0 2872 4890; ppageno 0'>
   <div class='ocr_carea' id='block_1_1' title="bbox 1104 263 1296 415">
    <p class='ocr_par' dir='ltr' id='par_1_1' title="bbox 1104 263 1296 415">
     <span class='ocr_line' id='line_1_1' title="bbox 1104 263 1296 415; baseline 0.026 -15"><span class='ocrx_word' id='word_1_1' title='bbox 1104 318 1215 415; x_wconf 71' lang='lat'><strong>[49</strong></span> <span class='ocrx_word' id='word_1_2' title='bbox 1270 263 1296 391; x_wconf 94' lang='grc' dir='ltr'><strong> </strong></span> 
     </span>
    </p>
   </div>
   <div class='ocr_carea' id='block_1_2' title="bbox 280 494 1273 620">
    <p class='ocr_par' dir='ltr' id='par_1_2' title="bbox 280 494 1273 620">
     <span class='ocr_line' id='line_1_2' title="bbox 280 494 1273 620; baseline 0.001 -23"><span class='ocrx_word' id='word_1_3' title='bbox 280 503 407 598; x_wconf 84' lang='lat' dir='ltr'><strong>vocitat.</strong></span> <span class='ocrx_word' id='word_1_4' title='bbox 430 532 524 620; x_wconf 84' lang='lat' dir='ltr'><strong>Apud</strong></span> <span class='ocrx_word' id='word_1_5' title='bbox 553 533 750 613; x_wconf 80' lang='lat' dir='ltr'><strong>Ammianum</strong></span> <span class='ocrx_word' id='word_1_6' title='bbox 784 533 880 605; x_wconf 80' lang='lat' dir='ltr'><strong>etiam</strong></span> <span class='ocrx_word' id='word_1_7' title='bbox 911 494 1131 598; x_wconf 81' lang='lat' dir='ltr'><strong>Marcellinum</strong></span> <span class='ocrx_word' id='word_1_8' title='bbox 1172 538 1273 602; x_wconf 79' lang='lat' dir='ltr'><strong>Libro</strong></span> 
     </span>
    </p>
   </div>
   <div class='ocr_carea' id='block_1_3' title="bbox 281 639 1419 727">
    <p class='ocr_par' dir='ltr' id='par_1_3' title="bbox 281 639 1419 727">
     <span class='ocr_line' id='line_1_3' title="bbox 281 639 1419 727; baseline 0.002 -21"><span class='ocrx_word' id='word_1_9' title='bbox 281 653 330 708; x_wconf 83' lang='lat'><strong>31..</strong></span> <span class='ocrx_word' id='word_1_10' title='bbox 353 666 423 726; x_wconf 87' lang='lat' dir='ltr'><strong>cap.</strong></span> <span class='ocrx_word' id='word_1_11' title='bbox 447 639 668 714; x_wconf 61' lang='lat' dir='ltr'><strong>&amp;chunos</strong></span> <span class='ocrx_word' id='word_1_12' title='bbox 691 640 751 724; x_wconf 83' lang='lat' dir='ltr'><strong>pro</strong></span> <span class='ocrx_word' id='word_1_13' title='bbox 780 641 904 716; x_wconf 82' lang='lat' dir='ltr'><strong>Hunnis</strong></span> <span class='ocrx_word' id='word_1_14' title='bbox 922 642 1027 727; x_wconf 84' lang='lat' dir='ltr'><strong>legas,</strong></span> <span class='ocrx_word' id='word_1_15' title='bbox 1050 644 1128 708; x_wconf 89' lang='lat' dir='ltr'><strong>licet</strong></span> <span class='ocrx_word' id='word_1_16' title='bbox 1147 646 1177 708; x_wconf 89' lang='lat' dir='ltr'><strong>ei</strong></span> <span class='ocrx_word' id='word_1_17' title='bbox 1197 641 1318 710; x_wconf 49' lang='lat' dir='ltr'><strong>sae-⁷¹</strong></span> <span class='ocrx_word' id='word_1_18' title='bbox 1359 714 1361 719; x_wconf 40' lang='lat'><strong>.</strong></span> <span class='ocrx_word' id='word_1_19' title='bbox 1418 643 1419 648; x_wconf 62' lang='grc'>’</span> 
     </span>
    </p>
   </div>
   <div class='ocr_carea' id='block_1_4' title="bbox 147 748 1330 1263">
    <p class='ocr_par' dir='ltr' id='par_1_4' title="bbox 147 748 1330 1263">
     <span class='ocr_line' id='line_1_4' title="bbox 277 748 1307 835; baseline 0.004 -25"><span class='ocrx_word' id='word_1_20' title='bbox 277 751 350 833; x_wconf 87' lang='lat' dir='ltr'><strong>pius</strong></span> <span class='ocrx_word' id='word_1_21' title='bbox 370 750 515 812; x_wconf 88' lang='lat' dir='ltr'><strong>dicantur</strong></span> <span class='ocrx_word' id='word_1_22' title='bbox 533 749 692 810; x_wconf 87' lang='lat' dir='ltr'><strong>etHunni.</strong></span> <span class='ocrx_word' id='word_1_23' title='bbox 715 752 762 809; x_wconf 90' lang='lat' dir='ltr'><strong>Ita</strong></span> <span class='ocrx_word' id='word_1_24' title='bbox 789 748 885 808; x_wconf 84' lang='lat' dir='ltr'><strong>etiam</strong></span> <span class='ocrx_word' id='word_1_25' title='bbox 909 748 1044 829; x_wconf 83' lang='lat' dir='ltr'><strong>Chuni</strong></span> <span class='ocrx_word' id='word_1_26' title='bbox 1064 774 1125 835; x_wconf 90' lang='lat' dir='ltr'><strong>pro</strong></span> <span class='ocrx_word' id='word_1_27' title='bbox 1146 754 1267 814; x_wconf 87' lang='lat' dir='ltr'><strong>Hunnis</strong></span> <span class='ocrx_word' id='word_1_28' title='bbox 1301 779 1307 788; x_wconf 64' lang='lat'><em>⁴</em></span> 
     </span>
     <span class='ocr_line' id='line_1_5' title="bbox 278 837 1330 938; baseline 0.003 -20"><span class='ocrx_word' id='word_1_29' title='bbox 278 864 449 918; x_wconf 86' lang='lat' dir='ltr'><strong>occurrunt</strong></span> <span class='ocrx_word' id='word_1_30' title='bbox 471 852 553 937; x_wconf 88' lang='lat' dir='ltr'><strong>apud</strong></span> <span class='ocrx_word' id='word_1_31' title='bbox 583 852 754 938; x_wconf 80' lang='lat' dir='ltr'><strong>sydonium</strong></span> <span class='ocrx_word' id='word_1_32' title='bbox 783 837 1000 937; x_wconf 81' lang='lat' dir='ltr'><strong>Apollinarem</strong></span> <span class='ocrx_word' id='word_1_33' title='bbox 1019 860 1177 934; x_wconf 81' lang='lat' dir='ltr'><strong>&#39;Carmine</strong></span> <span class='ocrx_word' id='word_1_34' title='bbox 1199 841 1267 923; x_wconf 75' lang='lat' dir='ltr'><strong>VH.</strong></span> <span class='ocrx_word' id='word_1_35' title='bbox 1324 865 1330 880; x_wconf 92' lang='lat'><em>&#39;</em></span> 
     </span>
     <span class='ocr_line' id='line_1_6' title="bbox 280 956 1268 1052; baseline 0.001 -27"><span class='ocrx_word' id='word_1_36' title='bbox 280 986 310 1025; x_wconf 83' lang='lat' dir='ltr'><strong>v.</strong></span> <span class='ocrx_word' id='word_1_37' title='bbox 336 967 406 1024; x_wconf 75' lang='lat'><strong>241.</strong></span> <span class='ocrx_word' id='word_1_38' title='bbox 429 971 462 1024; x_wconf 89' lang='lat' dir='ltr'><strong>et</strong></span> <span class='ocrx_word' id='word_1_39' title='bbox 486 964 557 1025; x_wconf 76' lang='lat'><strong>524.</strong></span> <span class='ocrx_word' id='word_1_40' title='bbox 591 963 669 1030; x_wconf 87' lang='lat' dir='ltr'><strong>Item</strong></span> <span class='ocrx_word' id='word_1_41' title='bbox 701 956 784 1048; x_wconf 83' lang='lat' dir='ltr'><strong>apud</strong></span> <span class='ocrx_word' id='word_1_42' title='bbox 812 959 1268 1052; x_wconf 79' lang='lat' dir='ltr'><strong>Theophylaotumsimocat-</strong></span> 
     </span>
     <span class='ocr_line' id='line_1_7' title="bbox 147 1052 1265 1158; baseline 0.004 -28"><span class='ocrx_word' id='word_1_43' title='bbox 147 1151 150 1157; x_wconf 87' lang='lat'><strong>.</strong></span> <span class='ocrx_word' id='word_1_44' title='bbox 277 1079 342 1131; x_wconf 87' lang='lat' dir='ltr'><strong>tam</strong></span> <span class='ocrx_word' id='word_1_45' title='bbox 364 1052 437 1129; x_wconf 79' lang='lat' dir='ltr'><strong>Lib.¹</strong></span> <span class='ocrx_word' id='word_1_46' title='bbox 466 1058 531 1128; x_wconf 74' lang='lat' dir='ltr'><strong>VII.</strong></span> <span class='ocrx_word' id='word_1_47' title='bbox 556 1073 588 1127; x_wconf 87' lang='lat' dir='ltr'><strong>et</strong></span> <span class='ocrx_word' id='word_1_48' title='bbox 619 1063 833 1149; x_wconf 83' lang='lat' dir='ltr'><strong>Nicephorum</strong></span> <span class='ocrx_word' id='word_1_49' title='bbox 866 1067 1016 1130; x_wconf 85' lang='lat' dir='ltr'><strong>ealistum</strong></span> <span class='ocrx_word' id='word_1_50' title='bbox 1042 1071 1140 1158; x_wconf 88' lang='lat' dir='ltr'><strong>Libro</strong></span> <span class='ocrx_word' id='word_1_51' title='bbox 1165 1072 1265 1135; x_wconf 84' lang='lat' dir='ltr'><strong>xvu.</strong></span> 
     </span>
     <span class='ocr_line' id='line_1_8' title="bbox 280 1171 757 1263; baseline -0.013 -25"><span class='ocrx_word' id='word_1_52' title='bbox 280 1179 355 1260; x_wconf 85' lang='lat' dir='ltr'><strong>Cap.</strong></span> <span class='ocrx_word' id='word_1_53' title='bbox 379 1185 428 1238; x_wconf 79' lang='lat'><strong>50.</strong></span> <span class='ocrx_word' id='word_1_54' title='bbox 450 1182 487 1263; x_wconf 83' lang='lat' dir='ltr'><strong>vt</strong></span> <span class='ocrx_word' id='word_1_55' title='bbox 507 1171 602 1256; x_wconf 89' lang='lat' dir='ltr'><strong>plura</strong></span> <span class='ocrx_word' id='word_1_56' title='bbox 622 1173 757 1240; x_wconf 87' lang='lat' dir='ltr'><strong>mittam.</strong></span> 
     </span>
    </p>
   </div>
   <div class='ocr_carea' id='block_1_5' title="bbox 181 1323 1329 1523">
    <p class='ocr_par' dir='ltr' id='par_1_5' title="bbox 181 1323 1329 1523">
     <span class='ocr_line' id='line_1_9' title="bbox 214 1323 1303 1430; baseline -0.002 -28"><span class='ocrx_word' id='word_1_57' title='bbox 214 1378 216 1381; x_wconf 30' lang='grc' dir='ltr'>ψ</span> <span class='ocrx_word' id='word_1_58' title='bbox 276 1329 306 1425; x_wconf 56' lang='lat'><strong>§3</strong></span> <span class='ocrx_word' id='word_1_59' title='bbox 339 1329 401 1402; x_wconf 81' lang='lat'><strong>32.</strong></span> <span class='ocrx_word' id='word_1_60' title='bbox 429 1327 502 1400; x_wconf 88' lang='lat' dir='ltr'><strong>Ast</strong></span> <span class='ocrx_word' id='word_1_61' title='bbox 522 1341 646 1398; x_wconf 90' lang='lat' dir='ltr'><strong>tamen</strong></span> <span class='ocrx_word' id='word_1_62' title='bbox 669 1323 890 1399; x_wconf 83' lang='lat' dir='ltr'><strong>Chunorum</strong></span> <span class='ocrx_word' id='word_1_63' title='bbox 914 1329 953 1398; x_wconf 90' lang='lat' dir='ltr'><strong>in</strong></span> <span class='ocrx_word' id='word_1_64' title='bbox 972 1329 1125 1430; x_wconf 87' lang='lat' dir='ltr'>Europa</span> <span class='ocrx_word' id='word_1_65' title='bbox 1145 1329 1268 1404; x_wconf 80' lang='lat' dir='ltr'><strong>domi·</strong></span> <span class='ocrx_word' id='word_1_66' title='bbox 1294 1389 1303 1400; x_wconf 69' lang='grc'><em>,</em></span> 
     </span>
     <span class='ocr_line' id='line_1_10' title="bbox 181 1427 1329 1523; baseline 0.003 -17"><span class='ocrx_word' id='word_1_67' title='bbox 181 1437 286 1506; x_wconf 89' lang='lat' dir='ltr'><strong>nium</strong></span> <span class='ocrx_word' id='word_1_68' title='bbox 305 1430 405 1506; x_wconf 89' lang='lat' dir='ltr'><strong>baud</strong></span> <span class='ocrx_word' id='word_1_69' title='bbox 422 1433 495 1508; x_wconf 86' lang='lat' dir='ltr'><strong>fuit</strong></span> <span class='ocrx_word' id='word_1_70' title='bbox 513 1430 756 1506; x_wconf 86' lang='lat' dir='ltr'><strong>diuturnum:</strong></span> <span class='ocrx_word' id='word_1_71' title='bbox 784 1427 852 1503; x_wconf 81' lang='lat' dir='ltr'><strong>filii</strong></span> <span class='ocrx_word' id='word_1_72' title='bbox 872 1432 963 1523; x_wconf 89' lang='lat' dir='ltr'><strong>eius,</strong></span> <span class='ocrx_word' id='word_1_73' title='bbox 975 1459 1075 1506; x_wconf 91' lang='lat' dir='ltr'><strong>anno</strong></span> <span class='ocrx_word' id='word_1_74' title='bbox 1089 1433 1154 1510; x_wconf 89' lang='lat' dir='ltr'><strong>Cb.</strong></span> <span class='ocrx_word' id='word_1_75' title='bbox 1179 1437 1267 1511; x_wconf 78' lang='lat'><strong>454.</strong></span> <span class='ocrx_word' id='word_1_76' title='bbox 1327 1437 1329 1440; x_wconf 42' lang='lat'><strong>⁴</strong></span> 
     </span>
    </p>
   </div>
   <div class='ocr_carea' id='block_1_6' title="bbox 181 1532 1386 1641">
    <p class='ocr_par' dir='ltr' id='par_1_6' title="bbox 181 1532 1386 1641">
     <span class='ocr_line' id='line_1_11' title="bbox 181 1532 1386 1641; baseline 0.003 -28"><span class='ocrx_word' id='word_1_77' title='bbox 181 1543 321 1615; x_wconf 90' lang='lat' dir='ltr'><strong>mortui</strong></span> <span class='ocrx_word' id='word_1_78' title='bbox 331 1548 358 1629; x_wconf 67' lang='lat'><strong>‚‘</strong></span> <span class='ocrx_word' id='word_1_79' title='bbox 369 1553 516 1614; x_wconf 88' lang='lat' dir='ltr'><strong>suomet</strong></span> <span class='ocrx_word' id='word_1_80' title='bbox 534 1539 668 1638; x_wconf 86' lang='lat' dir='ltr'><strong>partim</strong></span> <span class='ocrx_word' id='word_1_81' title='bbox 690 1532 852 1624; x_wconf 89' lang='lat' dir='ltr'><strong>ambitu,</strong></span> <span class='ocrx_word' id='word_1_82' title='bbox 879 1542 1017 1637; x_wconf 86' lang='lat' dir='ltr'><strong>partim</strong></span> <span class='ocrx_word' id='word_1_83' title='bbox 1031 1541 1270 1616; x_wconf 88' lang='lat' dir='ltr'><strong>Vasallorum</strong></span> <span class='ocrx_word' id='word_1_84' title='bbox 1384 1635 1386 1641; x_wconf 86' lang='lat'><strong>.</strong></span> 
     </span>
    </p>
   </div>
   <div class='ocr_carea' id='block_1_7' title="bbox 176 1639 1356 2699">
    <p class='ocr_par' dir='ltr' id='par_1_7' title="bbox 176 1639 1356 2490">
     <span class='ocr_line' id='line_1_12' title="bbox 179 1639 1271 1745; baseline 0.001 -23"><span class='ocrx_word' id='word_1_85' title='bbox 179 1645 362 1722; x_wconf 87' lang='lat' dir='ltr'><strong>seditione</strong></span> <span class='ocrx_word' id='word_1_86' title='bbox 390 1648 547 1745; x_wconf 81' lang='lat' dir='ltr'><strong>regnum</strong></span> <span class='ocrx_word' id='word_1_87' title='bbox 566 1639 791 1715; x_wconf 79' lang='lat' dir='ltr'><strong>fere&#39;totum</strong></span> <span class='ocrx_word' id='word_1_88' title='bbox 811 1644 1025 1718; x_wconf 86' lang='lat' dir='ltr'><strong>amiserunt.</strong></span> <span class='ocrx_word' id='word_1_89' title='bbox 1055 1645 1105 1720; x_wconf 74' lang='lat' dir='ltr'><strong>V.</strong></span> <span class='ocrx_word' id='word_1_90' title='bbox 1135 1648 1271 1724; x_wconf 78' lang='lat' dir='ltr'><strong>Iorda-</strong></span> 
     </span>
     <span class='ocr_line' id='line_1_13' title="bbox 180 1747 1353 1855; baseline 0.003 -30"><span class='ocrx_word' id='word_1_91' title='bbox 180 1779 268 1826; x_wconf 89' lang='lat' dir='ltr'><strong>nem</strong></span> <span class='ocrx_word' id='word_1_92' title='bbox 287 1748 463 1826; x_wconf 79' lang='lat' dir='ltr'><strong>derebus</strong></span> <span class='ocrx_word' id='word_1_93' title='bbox 489 1751 616 1850; x_wconf 83' lang='lat' dir='ltr'><strong>geticis</strong></span> <span class='ocrx_word' id='word_1_94' title='bbox 626 1750 665 1824; x_wconf 87' lang='lat' dir='ltr'><strong>C.</strong></span> <span class='ocrx_word' id='word_1_95' title='bbox 684 1747 743 1820; x_wconf 85' lang='lat'><strong>50.</strong></span> <span class='ocrx_word' id='word_1_96' title='bbox 765 1764 803 1821; x_wconf 85' lang='lat' dir='ltr'><strong>et</strong></span> <span class='ocrx_word' id='word_1_97' title='bbox 829 1749 931 1823; x_wconf 80' lang='lat' dir='ltr'><strong>aiios.</strong></span> <span class='ocrx_word' id='word_1_98' title='bbox 946 1751 1144 1852; x_wconf 83' lang='lat' dir='ltr'>Reliquiae</span> <span class='ocrx_word' id='word_1_99' title='bbox 1165 1757 1269 1855; x_wconf 88' lang='lat' dir='ltr'><strong>ipso-</strong></span> <span class='ocrx_word' id='word_1_100' title='bbox 1351 1769 1353 1774; x_wconf 84' lang='grc'><strong>’</strong></span> 
     </span>
     <span class='ocr_line' id='line_1_14' title="bbox 182 1852 1270 1957; baseline 0.003 -26"><span class='ocrx_word' id='word_1_101' title='bbox 182 1886 295 1947; x_wconf 87' lang='lat' dir='ltr'><strong>rum,</strong></span> <span class='ocrx_word' id='word_1_102' title='bbox 321 1854 593 1947; x_wconf 70' lang='lat' dir='ltr'><strong>sublimabo,</strong></span> <span class='ocrx_word' id='word_1_103' title='bbox 623 1852 760 1928; x_wconf 84' lang='lat' dir='ltr'><strong>nostris</strong></span> <span class='ocrx_word' id='word_1_104' title='bbox 777 1852 921 1948; x_wconf 83' lang='lat' dir='ltr'><strong>Choba,</strong></span> <span class='ocrx_word' id='word_1_105' title='bbox 950 1859 989 1928; x_wconf 90' lang='lat' dir='ltr'><strong>in</strong></span> <span class='ocrx_word' id='word_1_106' title='bbox 1016 1856 1169 1957; x_wconf 81' lang='lat' dir='ltr'>Scythia</span> <span class='ocrx_word' id='word_1_107' title='bbox 1196 1863 1270 1934; x_wconf 88' lang='lat' dir='ltr'><strong>mi·-</strong></span> 
     </span>
     <span class='ocr_line' id='line_1_15' title="bbox 178 1959 1270 2068; baseline 0.003 -31"><span class='ocrx_word' id='word_1_108' title='bbox 178 1968 264 2037; x_wconf 85' lang='lat' dir='ltr'><strong>nori</strong></span> <span class='ocrx_word' id='word_1_109' title='bbox 286 1966 445 2068; x_wconf 81' lang='lat' dir='ltr'><strong>recepti,</strong></span> <span class='ocrx_word' id='word_1_110' title='bbox 472 1965 563 2035; x_wconf 87' lang='lat' dir='ltr'><strong>item</strong></span> <span class='ocrx_word' id='word_1_111' title='bbox 589 1959 784 2050; x_wconf 84' lang='lat' dir='ltr'><strong>Aeothiri,</strong></span> <span class='ocrx_word' id='word_1_112' title='bbox 814 1987 909 2062; x_wconf 87' lang='lat' dir='ltr'><strong>quos</strong></span> <span class='ocrx_word' id='word_1_113' title='bbox 932 1962 1002 2036; x_wconf 91' lang='lat' dir='ltr'><strong>sibi</strong></span> <span class='ocrx_word' id='word_1_114' title='bbox 1022 1964 1195 2061; x_wconf 74' lang='lat' dir='ltr'><strong>Eilalrus,</strong></span> <span class='ocrx_word' id='word_1_115' title='bbox 1222 1965 1270 2039; x_wconf 88' lang='lat' dir='ltr'><strong>fi-</strong></span> 
     </span>
     <span class='ocr_line' id='line_1_16' title="bbox 178 2065 1269 2164; baseline 0.004 -22"><span class='ocrx_word' id='word_1_116' title='bbox 178 2070 250 2145; x_wconf 87' lang='lat' dir='ltr'><strong>lius</strong></span> <span class='ocrx_word' id='word_1_117' title='bbox 272 2088 363 2142; x_wconf 87' lang='lat' dir='ltr'><strong>natu</strong></span> <span class='ocrx_word' id='word_1_118' title='bbox 390 2071 590 2160; x_wconf 85' lang='lat' dir='ltr'><strong>maximus,</strong></span> <span class='ocrx_word' id='word_1_119' title='bbox 617 2069 709 2142; x_wconf 72' lang='lat' dir='ltr'><strong>uiuo</strong></span> <span class='ocrx_word' id='word_1_120' title='bbox 734 2065 855 2139; x_wconf 90' lang='lat' dir='ltr'><strong>adhuc</strong></span> <span class='ocrx_word' id='word_1_121' title='bbox 884 2067 994 2142; x_wconf 87' lang='lat' dir='ltr'><strong>Patre</strong></span> <span class='ocrx_word' id='word_1_122' title='bbox 1022 2069 1198 2164; x_wconf 87' lang='lat' dir='ltr'><strong>subiecit,</strong></span> <span class='ocrx_word' id='word_1_123' title='bbox 1226 2098 1269 2146; x_wconf 87' lang='lat' dir='ltr'><strong>ac</strong></span> 
     </span>
     <span class='ocr_line' id='line_1_17' title="bbox 180 2171 1268 2277; baseline 0.002 -28"><span class='ocrx_word' id='word_1_124' title='bbox 180 2178 364 2277; x_wconf 80' lang='lat' dir='ltr'><strong>Vturguri</strong></span> <span class='ocrx_word' id='word_1_125' title='bbox 397 2191 435 2250; x_wconf 88' lang='lat' dir='ltr'><strong>et</strong></span> <span class='ocrx_word' id='word_1_126' title='bbox 461 2175 652 2275; x_wconf 81' lang='lat' dir='ltr'><strong>Cotrigori</strong></span> <span class='ocrx_word' id='word_1_127' title='bbox 681 2171 730 2250; x_wconf 89' lang='lat' dir='ltr'><strong>ad</strong></span> <span class='ocrx_word' id='word_1_128' title='bbox 764 2175 919 2252; x_wconf 85' lang='lat' dir='ltr'><strong>Tanaim</strong></span> <span class='ocrx_word' id='word_1_129' title='bbox 953 2192 990 2249; x_wconf 87' lang='lat' dir='ltr'><strong>et</strong></span> <span class='ocrx_word' id='word_1_130' title='bbox 1011 2175 1268 2251; x_wconf 77' lang='lat' dir='ltr'><strong>boristhenem</strong></span> 
     </span>
     <span class='ocr_line' id='line_1_18' title="bbox 176 2278 1356 2377; baseline 0.002 -20"><span class='ocrx_word' id='word_1_131' title='bbox 176 2280 280 2357; x_wconf 88' lang='lat' dir='ltr'><strong>sedes</strong></span> <span class='ocrx_word' id='word_1_132' title='bbox 312 2283 433 2377; x_wconf 75' lang='lat' dir='ltr'><strong>nacti,</strong></span> <span class='ocrx_word' id='word_1_133' title='bbox 459 2280 676 2355; x_wconf 84' lang='lat' dir='ltr'><strong>societatem</strong></span> <span class='ocrx_word' id='word_1_134' title='bbox 701 2278 790 2353; x_wconf 90' lang='lat' dir='ltr'><strong>belli</strong></span> <span class='ocrx_word' id='word_1_135' title='bbox 818 2281 987 2356; x_wconf 86' lang='lat' dir='ltr'><strong>venalem</strong></span> <span class='ocrx_word' id='word_1_136' title='bbox 1015 2283 1096 2356; x_wconf 89' lang='lat' dir='ltr'><strong>aliis</strong></span> <span class='ocrx_word' id='word_1_137' title='bbox 1122 2300 1159 2356; x_wconf 91' lang='lat' dir='ltr'><strong>ct</strong></span> <span class='ocrx_word' id='word_1_138' title='bbox 1187 2282 1268 2358; x_wconf 88' lang='lat' dir='ltr'><strong>aliis</strong></span> <span class='ocrx_word' id='word_1_139' title='bbox 1302 2320 1305 2325; x_wconf 53' lang='grc'>’</span> <span class='ocrx_word' id='word_1_140' title='bbox 1352 2352 1356 2359; x_wconf 77' lang='grc'><strong>,</strong></span> 
     </span>
     <span class='ocr_line' id='line_1_19' title="bbox 176 2383 1310 2490; baseline 0 -26"><span class='ocrx_word' id='word_1_141' title='bbox 176 2388 347 2489; x_wconf 81' lang='lat' dir='ltr'><strong>gentibus</strong></span> <span class='ocrx_word' id='word_1_142' title='bbox 365 2388 584 2490; x_wconf 75' lang='lat' dir='ltr'><strong>praebentes</strong></span> <span class='ocrx_word' id='word_1_143' title='bbox 610 2388 673 2485; x_wconf 88' lang='lat' dir='ltr'><strong>(V.</strong></span> <span class='ocrx_word' id='word_1_144' title='bbox 688 2383 896 2460; x_wconf 82' lang='lat' dir='ltr'><strong>Marcellini</strong></span> <span class='ocrx_word' id='word_1_145' title='bbox 927 2387 969 2462; x_wconf 90' lang='lat' dir='ltr'><strong>L.</strong></span> <span class='ocrx_word' id='word_1_146' title='bbox 992 2390 1136 2463; x_wconf 86' lang='lat' dir='ltr'>XXXI.</span> <span class='ocrx_word' id='word_1_147' title='bbox 1161 2395 1196 2463; x_wconf 86' lang='lat'><strong>2.</strong></span> <span class='ocrx_word' id='word_1_148' title='bbox 1228 2395 1264 2465; x_wconf 79' lang='grc'><strong>5.</strong></span> <span class='ocrx_word' id='word_1_149' title='bbox 1308 2397 1310 2399; x_wconf 70' lang='grc'><strong>’</strong></span> 
     </span>
    </p>

    <p class='ocr_par' dir='ltr' id='par_1_8' title="bbox 176 2490 1267 2699">
     <span class='ocr_line' id='line_1_20' title="bbox 176 2490 1267 2591; baseline 0.002 -24"><span class='ocrx_word' id='word_1_150' title='bbox 176 2494 265 2591; x_wconf 84' lang='lat' dir='ltr'><strong>cto.)</strong></span> <span class='ocrx_word' id='word_1_151' title='bbox 287 2493 499 2591; x_wconf 84' lang='lat' dir='ltr'><strong>libertatem</strong></span> <span class='ocrx_word' id='word_1_152' title='bbox 521 2519 625 2568; x_wconf 83' lang='lat' dir='ltr'><strong>suam</strong></span> <span class='ocrx_word' id='word_1_153' title='bbox 638 2492 723 2565; x_wconf 90' lang='lat' dir='ltr'><strong>tuiti</strong></span> <span class='ocrx_word' id='word_1_154' title='bbox 742 2490 807 2566; x_wconf 91' lang='lat' dir='ltr'><strong>diu</strong></span> <span class='ocrx_word' id='word_1_155' title='bbox 827 2509 935 2586; x_wconf 82' lang='lat' dir='ltr'><strong>sunt3</strong></span> <span class='ocrx_word' id='word_1_156' title='bbox 957 2494 1105 2568; x_wconf 87' lang='lat' dir='ltr'><strong>tandem</strong></span> <span class='ocrx_word' id='word_1_157' title='bbox 1126 2498 1267 2570; x_wconf 81' lang='lat' dir='ltr'><strong>mutuis</strong></span> 
     </span>
     <span class='ocr_line' id='line_1_21' title="bbox 177 2592 1264 2699; baseline -0.001 -26"><span class='ocrx_word' id='word_1_158' title='bbox 177 2600 374 2695; x_wconf 74' lang='lat' dir='ltr'><strong>caedibus,</strong></span> <span class='ocrx_word' id='word_1_159' title='bbox 410 2596 605 2675; x_wconf 87' lang='lat' dir='ltr'><strong>Iustiniani</strong></span> <span class='ocrx_word' id='word_1_160' title='bbox 637 2600 879 2699; x_wconf 83' lang='lat' dir='ltr'><strong>Imperatoris</strong></span> <span class='ocrx_word' id='word_1_161' title='bbox 898 2592 901 2599; x_wconf 45' lang='lat'><strong>¹</strong></span> <span class='ocrx_word' id='word_1_162' title='bbox 921 2597 1046 2691; x_wconf 87' lang='lat' dir='ltr'><strong>doto‚-</strong></span> <span class='ocrx_word' id='word_1_163' title='bbox 1072 2603 1187 2674; x_wconf 77' lang='lat' dir='ltr'><strong>attriti</strong></span> <span class='ocrx_word' id='word_1_164' title='bbox 1204 2658 1214 2693; x_wconf 91' lang='lat'>‚</span> <span class='ocrx_word' id='word_1_165' title='bbox 1229 2613 1264 2672; x_wconf 67' lang='lat' dir='ltr'><strong>‘a</strong></span> 
     </span>
    </p>
   </div>
   <div class='ocr_carea' id='block_1_8' title="bbox 174 2706 1390 2809">
    <p class='ocr_par' dir='ltr' id='par_1_9' title="bbox 174 2706 1390 2809">
     <span class='ocr_line' id='line_1_22' title="bbox 174 2706 1390 2809; baseline -0.001 -28"><span class='ocrx_word' id='word_1_166' title='bbox 174 2706 366 2781; x_wconf 84' lang='lat' dir='ltr'><strong>Saracenis</strong></span> <span class='ocrx_word' id='word_1_167' title='bbox 383 2731 547 2809; x_wconf 89' lang='lat' dir='ltr'><strong>quoque,</strong></span> <span class='ocrx_word' id='word_1_168' title='bbox 568 2706 715 2780; x_wconf 86' lang='lat' dir='ltr'><strong>Persiae</strong></span> <span class='ocrx_word' id='word_1_169' title='bbox 738 2706 899 2806; x_wconf 85' lang='lat' dir='ltr'><strong>imperio</strong></span> <span class='ocrx_word' id='word_1_170' title='bbox 920 2709 1070 2807; x_wconf 82' lang='lat' dir='ltr'><strong>petitis,</strong></span> <span class='ocrx_word' id='word_1_171' title='bbox 1097 2706 1263 2782; x_wconf 84' lang='lat' dir='ltr'><strong>cladibus</strong></span> <span class='ocrx_word' id='word_1_172' title='bbox 1361 2743 1362 2747; x_wconf 40' lang='lat'>¹</span> <span class='ocrx_word' id='word_1_173' title='bbox 1389 2749 1390 2753; x_wconf 58' lang='lat'><em>=</em></span> 
     </span>
    </p>
   </div>
   <div class='ocr_carea' id='block_1_9' title="bbox 158 2811 1352 3553">
    <p class='ocr_par' dir='ltr' id='par_1_10' title="bbox 158 2811 1352 3553">
     <span class='ocr_line' id='line_1_23' title="bbox 175 2811 1261 2913; baseline 0 -28"><span class='ocrx_word' id='word_1_174' title='bbox 175 2816 293 2887; x_wconf 81' lang='lat' dir='ltr'><strong>affecti</strong></span> <span class='ocrx_word' id='word_1_175' title='bbox 319 2813 450 2887; x_wconf 89' lang='lat' dir='ltr'><strong>eodem</strong></span> <span class='ocrx_word' id='word_1_176' title='bbox 468 2839 553 2886; x_wconf 91' lang='lat' dir='ltr'><strong>cum</strong></span> <span class='ocrx_word' id='word_1_177' title='bbox 573 2811 758 2913; x_wconf 82' lang='lat' dir='ltr'><strong>Magyaris</strong></span> <span class='ocrx_word' id='word_1_178' title='bbox 779 2829 951 2912; x_wconf 86' lang='lat' dir='ltr'><strong>tempore</strong></span> <span class='ocrx_word' id='word_1_179' title='bbox 982 2813 1082 2911; x_wconf 80' lang='lat' dir='ltr'><strong>(vid.</strong></span> <span class='ocrx_word' id='word_1_180' title='bbox 1105 2816 1135 2910; x_wconf 59' lang='lat' dir='ltr'><strong>b.</strong></span> <span class='ocrx_word' id='word_1_181' title='bbox 1170 2813 1261 2907; x_wconf 89' lang='grc'>18.)</span> 
     </span>
     <span class='ocr_line' id='line_1_24' title="bbox 175 2917 1352 3020; baseline 0 -27"><span class='ocrx_word' id='word_1_182' title='bbox 175 2945 197 2993; x_wconf 86' lang='lat' dir='ltr'><strong>e</strong></span> <span class='ocrx_word' id='word_1_183' title='bbox 221 2922 353 2993; x_wconf 87' lang='lat' dir='ltr'><strong>vicinia</strong></span> <span class='ocrx_word' id='word_1_184' title='bbox 383 2919 537 2994; x_wconf 84' lang='lat' dir='ltr'><strong>iliorum</strong></span> <span class='ocrx_word' id='word_1_185' title='bbox 562 2922 600 2991; x_wconf 91' lang='lat' dir='ltr'><strong>in</strong></span> <span class='ocrx_word' id='word_1_186' title='bbox 623 2921 793 3019; x_wconf 81' lang='lat' dir='ltr'><strong>regiones</strong></span> <span class='ocrx_word' id='word_1_187' title='bbox 814 2917 1172 3020; x_wconf 80' lang='lat' dir='ltr'><strong>occidentalespars</strong></span> <span class='ocrx_word' id='word_1_188' title='bbox 1197 2944 1259 2993; x_wconf 82' lang='lat' dir='ltr'><strong>se·</strong></span> <span class='ocrx_word' id='word_1_189' title='bbox 1351 2975 1352 2978; x_wconf 63' lang='lat'>,</span> 
     </span>
     <span class='ocr_line' id='line_1_25' title="bbox 165 3023 1255 3124; baseline -0.002 -24"><span class='ocrx_word' id='word_1_190' title='bbox 165 3043 251 3100; x_wconf 63' lang='lat' dir='ltr'><strong>‘met</strong></span> <span class='ocrx_word' id='word_1_191' title='bbox 269 3024 428 3097; x_wconf 81' lang='lat' dir='ltr'><strong>diffudit.</strong></span> <span class='ocrx_word' id='word_1_192' title='bbox 449 3027 514 3124; x_wconf 91' lang='lat' dir='ltr'><strong>(V.</strong></span> <span class='ocrx_word' id='word_1_193' title='bbox 536 3023 736 3124; x_wconf 84' lang='lat' dir='ltr'><strong>Agathiam</strong></span> <span class='ocrx_word' id='word_1_194' title='bbox 756 3046 838 3124; x_wconf 85' lang='lat' dir='ltr'><strong>pag.</strong></span> <span class='ocrx_word' id='word_1_195' title='bbox 869 3024 1038 3100; x_wconf 69' lang='lat' dir='ltr'><strong>llaedit</strong></span> <span class='ocrx_word' id='word_1_196' title='bbox 1061 3025 1155 3099; x_wconf 83' lang='lat' dir='ltr'><strong>Veu.</strong></span> <span class='ocrx_word' id='word_1_197' title='bbox 1171 3027 1255 3100; x_wconf 84' lang='lat'><strong>154.</strong></span> 
     </span>
     <span class='ocr_line' id='line_1_26' title="bbox 173 3122 1280 3232; baseline 0.001 -27"><span class='ocrx_word' id='word_1_198' title='bbox 173 3132 260 3205; x_wconf 86' lang='lat' dir='ltr'><strong>edit.</strong></span> <span class='ocrx_word' id='word_1_199' title='bbox 285 3133 396 3205; x_wconf 82' lang='lat' dir='ltr'><strong>Paris.</strong></span> <span class='ocrx_word' id='word_1_200' title='bbox 428 3134 655 3232; x_wconf 84' lang='lat' dir='ltr'><strong>Procopium</strong></span> <span class='ocrx_word' id='word_1_201' title='bbox 683 3134 729 3206; x_wconf 90' lang='lat' dir='ltr'><strong>de</strong></span> <span class='ocrx_word' id='word_1_202' title='bbox 760 3122 1050 3206; x_wconf 61' lang='lat' dir='ltr'><strong>helto&#39;Gothico</strong></span> <span class='ocrx_word' id='word_1_203' title='bbox 1078 3133 1163 3205; x_wconf 89' lang='lat' dir='ltr'><strong>Lib.</strong></span> <span class='ocrx_word' id='word_1_204' title='bbox 1186 3133 1280 3219; x_wconf 72' lang='lat' dir='ltr'><strong>1V.J</strong></span> 
     </span>
     <span class='ocr_line' id='line_1_27' title="bbox 174 3235 1254 3338; baseline -0.005 -26"><span class='ocrx_word' id='word_1_205' title='bbox 174 3243 261 3338; x_wconf 87' lang='lat' dir='ltr'><strong>Cap.</strong></span> <span class='ocrx_word' id='word_1_206' title='bbox 279 3239 384 3311; x_wconf 90' lang='lat' dir='ltr'><strong>XIX.</strong></span> <span class='ocrx_word' id='word_1_207' title='bbox 414 3253 451 3310; x_wconf 91' lang='lat' dir='ltr'><strong>et</strong></span> <span class='ocrx_word' id='word_1_208' title='bbox 477 3237 594 3335; x_wconf 88' lang='lat' dir='ltr'><strong>alios.)</strong></span> <span class='ocrx_word' id='word_1_209' title='bbox 611 3235 833 3338; x_wconf 71' lang='lat' dir='ltr'><strong>vReliqui‘in</strong></span> <span class='ocrx_word' id='word_1_210' title='bbox 857 3238 1254 3330; x_wconf 76' lang='lat' dir='ltr'><strong>seruitutemredacti,</strong></span> 
     </span>
     <span class='ocr_line' id='line_1_28' title="bbox 173 3344 1252 3445; baseline 0.005 -28"><span class='ocrx_word' id='word_1_211' title='bbox 173 3346 421 3423; x_wconf 89' lang='lat' dir='ltr'><strong>Dominorum</strong></span> <span class='ocrx_word' id='word_1_212' title='bbox 454 3370 607 3418; x_wconf 84' lang='lat' dir='ltr'><strong>suorum</strong></span> <span class='ocrx_word' id='word_1_213' title='bbox 635 3344 921 3445; x_wconf 85' lang='lat' dir='ltr'><strong>appellationem</strong></span> <span class='ocrx_word' id='word_1_214' title='bbox 950 3347 1151 3417; x_wconf 85' lang='lat' dir='ltr'><strong>consecuti.</strong></span> <span class='ocrx_word' id='word_1_215' title='bbox 1197 3347 1252 3422; x_wconf 88' lang='lat' dir='ltr'><strong>A·</strong></span> 
     </span>
     <span class='ocr_line' id='line_1_29' title="bbox 158 3449 1127 3553; baseline -0.001 -28"><span class='ocrx_word' id='word_1_216' title='bbox 158 3450 308 3552; x_wconf 13' lang='lat' dir='ltr'><strong>agathias</strong></span> <span class='ocrx_word' id='word_1_217' title='bbox 324 3451 401 3524; x_wconf 85' lang='lat' dir='ltr'><strong>l.·&#39;c.</strong></span> <span class='ocrx_word' id='word_1_218' title='bbox 418 3455 507 3553; x_wconf 76' lang='lat' dir='ltr'><strong>Cap.</strong></span> <span class='ocrx_word' id='word_1_219' title='bbox 531 3449 578 3522; x_wconf 93' lang='lat' dir='ltr'><strong>V.</strong></span> <span class='ocrx_word' id='word_1_220' title='bbox 601 3477 635 3551; x_wconf 88' lang='lat' dir='ltr'><strong>p.</strong></span> <span class='ocrx_word' id='word_1_221' title='bbox 669 3453 755 3532; x_wconf 80' lang='lat'><strong>119.</strong></span> <span class='ocrx_word' id='word_1_222' title='bbox 782 3449 867 3524; x_wconf 78' lang='lat' dir='ltr'><strong>edit.</strong></span> <span class='ocrx_word' id='word_1_223' title='bbox 893 3449 1070 3524; x_wconf 84' lang='lat' dir='ltr'><strong>Venetae.</strong></span> <span class='ocrx_word' id='word_1_224' title='bbox 1094 3449 1127 3550; x_wconf 82' lang='lat'><strong>*)</strong></span> 
     </span>
    </p>
   </div>
   <div class='ocr_carea' id='block_1_10' title="bbox 194 3593 1305 4019">
    <p class='ocr_par' dir='ltr' id='par_1_11' title="bbox 194 3593 1305 4019">
     <span class='ocr_line' id='line_1_30' title="bbox 213 3593 1249 3703; baseline -0.002 -21"><span class='ocrx_word' id='word_1_225' title='bbox 213 3621 242 3703; x_wconf 82' lang='lat'><strong>*)</strong></span> <span class='ocrx_word' id='word_1_226' title='bbox 254 3623 315 3698; x_wconf 88' lang='lat' dir='ltr'><strong>Qui</strong></span> <span class='ocrx_word' id='word_1_227' title='bbox 324 3624 432 3703; x_wconf 85' lang='lat' dir='ltr'><strong>Regno</strong></span> <span class='ocrx_word' id='word_1_228' title='bbox 443 3596 580 3679; x_wconf 79' lang='lat' dir='ltr'><strong>Attiiano</strong></span> <span class='ocrx_word' id='word_1_229' title='bbox 590 3593 620 3677; x_wconf 90' lang='lat' dir='ltr'><strong>in</strong></span> <span class='ocrx_word' id='word_1_230' title='bbox 634 3621 759 3698; x_wconf 89' lang='lat' dir='ltr'><strong>Europa</strong></span> <span class='ocrx_word' id='word_1_231' title='bbox 768 3616 897 3702; x_wconf 83' lang='lat' dir='ltr'><strong>Gepidis</strong></span> <span class='ocrx_word' id='word_1_232' title='bbox 909 3619 1036 3694; x_wconf 84' lang='lat' dir='ltr'><strong>exactis,</strong></span> <span class='ocrx_word' id='word_1_233' title='bbox 1043 3619 1161 3679; x_wconf 87' lang='lat' dir='ltr'><strong>sancito</strong></span> <span class='ocrx_word' id='word_1_234' title='bbox 1179 3642 1249 3680; x_wconf 87' lang='lat' dir='ltr'><strong>cum</strong></span> 
     </span>
     <span class='ocr_line' id='line_1_31' title="bbox 194 3722 1305 3812; baseline -0.001 -21"><span class='ocrx_word' id='word_1_235' title='bbox 194 3739 198 3744; x_wconf 82' lang='lat'><em>&#39;</em></span> <span class='ocrx_word' id='word_1_236' title='bbox 267 3726 482 3812; x_wconf 83' lang='lat' dir='ltr'><strong>Longobardis</strong></span> <span class='ocrx_word' id='word_1_237' title='bbox 511 3722 659 3801; x_wconf 85' lang='lat' dir='ltr'><strong>foedere,</strong></span> <span class='ocrx_word' id='word_1_238' title='bbox 683 3723 776 3807; x_wconf 84' lang='lat' dir='ltr'><strong>potiti</strong></span> <span class='ocrx_word' id='word_1_239' title='bbox 807 3733 879 3784; x_wconf 89' lang='lat' dir='ltr'><strong>sunt</strong></span> <span class='ocrx_word' id='word_1_240' title='bbox 906 3724 1250 3788; x_wconf 83' lang='lat' dir='ltr'><strong>Hunni-Anares</strong></span> <span class='ocrx_word' id='word_1_241' title='bbox 1302 3782 1305 3790; x_wconf 94' lang='lat'><strong>.</strong></span> 
     </span>
     <span class='ocr_line' id='line_1_32' title="bbox 265 3828 1249 3923; baseline -0.002 -28"><span class='ocrx_word' id='word_1_242' title='bbox 265 3856 328 3895; x_wconf 87' lang='lat' dir='ltr'><strong>uon</strong></span> <span class='ocrx_word' id='word_1_243' title='bbox 356 3842 465 3923; x_wconf 73' lang='lat' dir='ltr'><strong>erant,</strong></span> <span class='ocrx_word' id='word_1_244' title='bbox 496 3828 552 3890; x_wconf 85' lang='lat' dir='ltr'><strong>sed</strong></span> <span class='ocrx_word' id='word_1_245' title='bbox 580 3828 693 3889; x_wconf 88' lang='lat' dir='ltr'><strong>horum</strong></span> <span class='ocrx_word' id='word_1_246' title='bbox 713 3829 797 3890; x_wconf 83' lang='lat' dir='ltr'><strong>serui</strong></span> <span class='ocrx_word' id='word_1_247' title='bbox 817 3830 966 3914; x_wconf 83' lang='lat' dir='ltr'><strong>fugitiui,</strong></span> <span class='ocrx_word' id='word_1_248' title='bbox 985 3831 1127 3920; x_wconf 73' lang='lat' dir='ltr'><strong>gentium</strong></span> <span class='ocrx_word' id='word_1_249' title='bbox 1145 3833 1249 3894; x_wconf 89' lang='lat' dir='ltr'><strong>collu-</strong></span> 
     </span>
     <span class='ocr_line' id='line_1_33' title="bbox 266 3936 1249 4019; baseline -0.003 -17"><span class='ocrx_word' id='word_1_250' title='bbox 266 3942 316 4002; x_wconf 88' lang='lat' dir='ltr'><strong>uie</strong></span> <span class='ocrx_word' id='word_1_251' title='bbox 334 3943 430 4019; x_wconf 83' lang='lat' dir='ltr'><strong>aucti,</strong></span> <span class='ocrx_word' id='word_1_252' title='bbox 451 3940 524 4001; x_wconf 89' lang='lat' dir='ltr'><strong>ideo</strong></span> <span class='ocrx_word' id='word_1_253' title='bbox 544 3941 568 3998; x_wconf 89' lang='grc' dir='ltr'><strong>Ρ</strong></span> <span class='ocrx_word' id='word_1_254' title='bbox 579 3959 592 3997; x_wconf 92' lang='lat' dir='ltr'><strong>s</strong></span> <span class='ocrx_word' id='word_1_255' title='bbox 603 3959 620 3998; x_wconf 90' lang='lat' dir='ltr'><strong>e</strong></span> <span class='ocrx_word' id='word_1_256' title='bbox 632 3958 652 3996; x_wconf 94' lang='lat' dir='ltr'><strong>u</strong></span> <span class='ocrx_word' id='word_1_257' title='bbox 662 3936 682 3998; x_wconf 86' lang='lat' dir='ltr'><strong>d</strong></span> <span class='ocrx_word' id='word_1_258' title='bbox 692 3957 711 3998; x_wconf 96' lang='lat' dir='ltr'><strong>o</strong></span> <span class='ocrx_word' id='word_1_259' title='bbox 722 3974 738 3984; x_wconf 96' lang='lat'>-</span> <span class='ocrx_word' id='word_1_260' title='bbox 750 3939 888 3998; x_wconf 83' lang='lat' dir='ltr'><strong>Auares:</strong></span> <span class='ocrx_word' id='word_1_261' title='bbox 913 3939 1032 4014; x_wconf 82' lang='lat' dir='ltr'><strong>„Turci</strong></span> <span class='ocrx_word' id='word_1_262' title='bbox 1055 3939 1249 4014; x_wconf 85' lang='lat' dir='ltr'><strong>Orientales,</strong></span> 
     </span>
    </p>
   </div>
   <div class='ocr_carea' id='block_1_11' title="bbox 158 4030 1422 4139">
    <p class='ocr_par' dir='ltr' id='par_1_12' title="bbox 158 4030 1422 4139">
     <span class='ocr_line' id='line_1_34' title="bbox 158 4030 1422 4139; baseline 0 -31"><span class='ocrx_word' id='word_1_263' title='bbox 158 4030 163 4093; x_wconf 77' lang='lat'><strong>.&#39;</strong></span> <span class='ocrx_word' id='word_1_264' title='bbox 267 4057 452 4134; x_wconf 80' lang='lat' dir='ltr'><strong>tempestate</strong></span> <span class='ocrx_word' id='word_1_265' title='bbox 475 4046 533 4109; x_wconf 86' lang='lat' dir='ltr'><strong>hac</strong></span> <span class='ocrx_word' id='word_1_266' title='bbox 553 4046 674 4129; x_wconf 82' lang='lat' dir='ltr'><strong>legatos</strong></span> <span class='ocrx_word' id='word_1_267' title='bbox 701 4064 772 4106; x_wconf 88' lang='lat' dir='ltr'><strong>cum</strong></span> <span class='ocrx_word' id='word_1_268' title='bbox 803 4043 986 4129; x_wconf 82' lang='lat' dir='ltr'><strong>muneribus</strong></span> <span class='ocrx_word' id='word_1_269' title='bbox 1013 4044 1052 4106; x_wconf 87' lang='lat' dir='ltr'><strong>ad</strong></span> <span class='ocrx_word' id='word_1_270' title='bbox 1078 4048 1248 4127; x_wconf 86' lang='lat' dir='ltr'><strong>lustinum,</strong></span> <span class='ocrx_word' id='word_1_271' title='bbox 1348 4111 1351 4125; x_wconf 52' lang='lat'>‚</span> <span class='ocrx_word' id='word_1_272' title='bbox 1420 4132 1422 4139; x_wconf 27' lang='grc' dir='ltr'>Ι</span> 
     </span>
    </p>
   </div>
   <div class='ocr_carea' id='block_1_12' title="bbox 1034 4132 1057 4205">
    <p class='ocr_par' dir='ltr' id='par_1_13' title="bbox 1034 4132 1057 4205">
     <span class='ocr_line' id='line_1_35' title="bbox 1034 4132 1057 4205; baseline 0 0"><span class='ocrx_word' id='word_1_273' title='bbox 1034 4132 1057 4205; x_wconf 83' lang='grc'>4</span> 
     </span>
    </p>
   </div>
   <div class='ocr_carea' id='block_1_13' title="bbox 0 0 1440 4890">
    <p class='ocr_par' dir='ltr' id='par_1_14' title="bbox 0 0 1440 4890">
     <span class='ocr_line' id='line_1_36' title="bbox 0 0 1440 4890; baseline 0 5"><span class='ocrx_word' id='word_1_274' title='bbox 0 0 1440 4890; x_wconf 95' lang='lat' dir='ltr'><strong> </strong></span> 
     </span>
    </p>
   </div>
  </div>
 </body>
</html>
