2872 4890
981 302 984 310 ‘
1136 317 1257 399 ss*
1352 284 1355 295 ’

175 537 429 614 celebritatem
440 536 709 637 antiquissimis
708 540 789 612 iam
803 539 1033 649 temporibus
1053 555 1141 617 sunt
1159 566 1255 618 con·
1303 567 1312 572 ·

174 647 300 720 secuti.
349 643 690 718 Orientalium
730 671 751 719 e
771 641 1040 748 Scriptoribus
1070 642 1253 726 Romanis
1341 698 1347 709 ι
1425 720 1428 729 ,

173 754 316 853 primus
338 721 506 825 meminit
535 749 673 823 Plinius
698 751 881 850 (HistmL
908 753 975 826 IV.
1001 755 1090 855 Cap.
1102 756 1250 854 XVII.)
1334 803 1344 815 .

173 858 262 953 „Ab
272 857 493 930 Attoearis
482 859 617 956 inquit,
630 860 708 931 siue
726 855 813 930 mde
828 886 848 930 a
870 857 1018 959 sedibus
1033 865 1255 936 Attacorum

153 981 258 1036 sunt
281 981 406 1062 gentes
425 962 612 1056 Hunni,
640 980 678 1036 et
702 953 886 1054 Tochari,
914 980 952 1038 et
972 970 1057 1038 iam
1070 959 1255 1040 Indorum

172 1069 319 1142 Casiri
309 1087 418 1142 rntro
433 1093 562 1141 versus
585 1068 628 1140 ad
658 1067 813 1167 Scythas
838 1073 953 1143 versi.
965 1077 989 1114 “
1030 1075 1060 1146 E
1075 1074 1257 1173 Scripto

172 1175 278 1248 ribus
301 1175 451 1267 Graecis
479 1171 786 1275 Theophylactus.
812 1172 1024 1274 Symocatta
1038 1175 1254 1277 (Historiae

157 1306 210 1381 p,
234 1285 319 1355 120.
348 1279 434 1354 edit.
459 1279 553 1364 Ven.
580 1283 665 1356 177.
681 1279 766 1372 edit.
782 1281 916 1379 Paris).
939 1283 1143 1373 „Hunni
1168 1299 1257 1357 sunt

171 1384 377 1460 habitantes
403 1386 611 1478 orientem,
646 1385 711 1476 vbi
734 1382 961 1462 ricinussest
992 1386 1130 1480 Persis,
1158 1414 1255 1489 quos

172 1494 315 1568 Tureos
335 1493 445 1566 etiam
475 1493 661 1577 nominari
688 1492 861 1592 pluribus
880 1495 953 1566 iam
976 1504 1130 1567 constat.
1146 1495 1171 1538 “'
1196 1495 1255 1570 Ex

171 1599 344 1681 Armeais
372 1599 496 1672 Moses
515 1623 551 1695 p.
576 1599 665 1671 505.
683 1649 707 1688 „
717 1596 885 1698 Scythia,
917 1622 1014 1698 quae
1035 1602 1077 1672 ‘et
1099 1597 1256 1702 Apach-

172 1707 267 1779 taria
301 1706 379 1778 siue
409 1704 546 1775 Turcia
572 1701 732 1797 dicitur,
784 1703 831 1776 ah
864 1700 996 1777 Ethele
1024 1703 1178 1779 flumine
1208 1704 1256 1781 ad
1296 1740 1329 1789 η,

173 1826 341 1884 montem
372 1809 513 1895 Imaum
552 1824 591 1881 et
613 1808 711 1881 vltra
743 1833 861 1910 usque
889 1811 1046 1883 Zeuiam
1078 1811 1252 1911 pertinet.

171 1914 360 2013 Scythiam
392 1913 556 2021 quatuor
593 1931 631 1988 et
667 1918 886 2015 tegentes
919 1915 1091 1990 incolunt
1122 1917 1223 2017 Sogii
1241 1971 1254 2006 ‚

171 2020 371 2146 Thocarii,
406 2021 442 2094 H
453 2012 644 2123 ephtal
632 2035 757 2117 atae,
784 2020 931 2120 aliaque
959 2037 1152 2125 praeterea
1183 2049 1256 2096 ιο·-

171 2132 272 2201 mina
308 2125 476 2222 barbara.
531 2127 632 2249 Sogii
663 2143 747 2199 sunt
781 2127 999 2229 opulenti,
1022 2126 1180 2202 artifices
1218 2145 1257 2203 et
1361 2149 1363 2153 ·

165 2232 417 2322 mercatores,
453 2247 567 2332 atque
597 2235 696 2306 inter
729 2235 1009 2310 Turcastauiam
1047 2251 1085 2307 et
1123 2235 1256 2311 Ariam

128 2371 130 2376 ’
172 2327 350 2428 habitant.
379 2339 411 2436 *Ι
476 2386 480 2393 ·

175 2528 247 2613 *Ι
272 2530 477 2594 Consentiunt
511 2541 635 2595 nostrae
663 2553 788 2618 quoque
816 2532 964 2594 litterae:
996 2526 1255 2618 „Longissimea
1365 2592 1369 2606 ‚

168 2629 186 2683 ἒ·
269 2640 418 2718 Perside,
449 2641 650 2724 transgressis
679 2639 832 2724 Alpibus,
871 2660 952 2723 quae
979 2637 1208 2703 descendebant
1238 2663 1257 2702 a

268 2748 385 2832 magnis
412 2747 592 2826 montibus,
625 2740 671 2809 ad
692 2738 874 2823 meridiem,
898 2747 1029 2831 ingressi
1052 2767 1159 2810 sumus
1182 2747 1269 2832 pul--·

268 2850 455 2916 cherrimam
483 2855 662 2938 planitiem,
697 2852 867 2915 habentem
888 2863 1010 2916 montes
1035 2853 1115 2914 altos
1137 2875 1155 2913 a
1174 2853 1257 2916 dex·

267 2961 346 3055 tris,
371 2969 404 3023 et
418 2960 580 3046 *quoddam
608 2980 694 3022 mare
718 2981 736 3020 a
754 2959 907 3035 sinistris,
931 2960 1004 3027 siue
1023 2958 1187 3044 quemdam
1209 2962 1259 3022 la·
1337 3043 1341 3051 .

269 3090 358 3145 curn,
380 3068 436 3152 qni
454 3068 547 3131 durat
567 3066 746 3153 quindecim
765 3066 899 3129 dietas
890 3090 921 3128 m
947 3066 1094 3131 circuitu.
1135 3070 1174 3129 Et
1203 3067 1259 3130 illa

137 3254 138 3261 Ι
174 3173 177 3176 ’
267 3185 335 3237 tota
355 3175 511 3258 planities
538 3174 727 3260 irrigabatur
757 3175 796 3236 ad
814 3175 937 3236 libitum
957 3174 1048 3260 aquis
1064 3172 1259 3235 descenden-
1288 3255 1289 3258 Ἴ

218 3366 221 3371 1
268 3281 351 3382 tibus
375 3282 415 3344 de
427 3281 625 3359 montibus,
655 3303 735 3375 quae
758 3301 865 3344 omnes
893 3280 1092 3364 recipiuntur
1110 3279 1150 3340 ad
1177 3275 1257 3339 illud

270 3377 368 3459 mare.
388 3423 430 3436 -
448 3389 549 3452 Terra
577 3387 632 3450 illa
665 3383 787 3450 solebat
816 3386 880 3449 dici
903 3386 1059 3470 Organum
1086 3387 1098 3473 (
1111 3389 1256 3469 Organa,

269 3490 418 3580 Urgent)
458 3499 661 3578 lugurum
696 3488 892 3578 (Oigoram)
911 3525 915 3534 x
931 3501 1019 3553 terra
1060 3491 1259 3578 contignatur
1314 3514 1319 3526 ·
1357 3533 1361 3540 ·

270 3625 342 3664 cum
364 3612 450 3663 terra
468 3600 628 3684 praedicta
651 3602 810 3685 Organum
830 3601 912 3662 inter
934 3609 1055 3686 montes
1085 3599 1157 3660 illos
1183 3618 1259 3659 rer·

177 3688 181 3711 ἶ
269 3729 320 3772 sas
340 3709 507 3770 orientem.
528 3708 623 3792 Apud
634 3713 760 3791 lugures
780 3706 838 3768 hos
859 3717 907 3768 est
926 3708 995 3768 sons
1013 3715 1045 3768 et
1064 3704 1155 3767 radix
1175 3704 1258 3766 idio-

271 3815 361 3876 matis
381 3815 498 3892 Turei,
521 3823 553 3876 et
574 3810 733 3876 Comanici
748 3817 768 3850 ‘⁴
790 3820 922 3874 testatur
940 3809 1132 3875 Wilhelmus
1147 3835 1166 3873 a
1187 3795 1256 3874 lla-⁸

180 3984 183 3991 ,
270 3920 410 4006 braquis.
432 3923 472 3984 V.
485 3924 584 4014 Torpo
596 3923 647 3985 tv.
662 3921 735 3984 Vol.
749 3926 789 3990 u.
806 3946 838 4006 p.
861 3930 972 3984 280-
983 3928 1032 3982 81.
1050 3921 1127 3984 Ores
1138 3918 1254 3981 basse·
1275 3945 1278 3950 ·

268 4049 310 4091 -re
330 4029 460 4095 totidem
477 4028 599 4104 serbis·
609 4027 795 4112 descripsit,
828 4009 938 4121 magno
959 4023 1257 4101 veterisffistoriaa
1285 4118 1288 4124 ¹
1346 4084 1348 4089 .
