2872 4890
220 339 523 435 (26¹

295 587 395 667 quae
425 562 524 642 Pons
549 558 700 666 finiani
716 613 730 650 ,,
764 557 869 658 qnia
893 555 1202 657 Belgnudatrium
1226 553 1382 630 dierum

284 670 432 744 itinere
459 664 578 741 distat.
607 705 657 722 -·
698 664 828 739 Postea
847 688 937 738 veru
962 663 1129 738 aLeonc
1150 661 1217 735 illo
1238 658 1379 736 Chnisti
1416 716 1418 724 ,

296 783 465 866 amante,
492 798 534 846 nc
554 771 746 873 praeclaro
766 754 1015 872 Imperitore,
1042 770 1202 842 arcessiti
1223 766 1381 868 (Daun-

294 877 416 976 bium)
444 878 633 981 trajiciunt
665 876 1068 977 bellumqueSimeoni
1095 873 1388 974 (Bulganorum-

294 979 396 1085 regi)
424 983 643 1073 inferentes,
670 983 772 1056 victu
793 1006 861 1075 eo,
896 979 1099 1081 fugatoque
1114 977 1381 1055 Presthlabum

293 1102 415 1190 usique
438 1103 715 1191 peruenerunt,
728 1103 780 1162 aet
805 1104 925 1190 quum
946 1110 1032 1160 eum
1051 1088 1090 1160 in
1111 1082 1205 1160 vrbe
1229 1081 1379 1158 Solun-

295 1186 407 1295 dnaga
424 1193 678 1288 inclusissent,
704 1190 859 1270 domum
878 1189 1094 1282 redierunt,
1119 1214 1199 1290 qno
1224 1204 1381 1291 tempo-

256 1366 259 1371 .
293 1323 338 1376 re
352 1298 544 1392 Liuntika,·
563 1292 741 1402 'Aspadae
761 1296 891 1391 filium,
907 1297 1117 1398 principem
1137 1293 1340 1370 habebant.
1355 1298 1380 1339 “

292 1407 469 1481 Treiecto
498 1428 626 1479 rursus
656 1401 841 1478 Danubio·
868 1416 984 1476 totam
1012 1400 1224 1502 Bulguriam
1252 1401 1394 1502 capti--

293 1535 382 1585 nam
401 1509 580 1584 fecerunt.
595 1513 619 1552 ‘⁴
644 1549 697 1569 ·-
722 1509 923 1608 Postquam
944 1508 1058 1607 (annu
1082 1508 1147 1580 cic.
1174 1505 1283 1603 889.)
1303 1508 1383 1580 ite·

293 1642 380 1691 rum
407 1639 492 1690 cum
507 1604 775 1691 Romanorum
800 1615 1041 1718 ¹Imperatore
1063 1636 1190 1714 pacem
1220 1612 1382 1687 Simeon

228 1767 231 1771 .
293 1720 459 1815 fecisset,
485 1714 636 1795 foedere
653 1743 738 1794 cum
762 1718 977 1817 Pacinacitis
997 1719 1091 1791 initu
1121 1734 1261 1792 terram
1270 1720 1382 1792 Tur-

294 1849 450 1922 corum,
477 1828 545 1931 qui
579 1842 669 1902 tune
690 1840 796 1900 extra
818 1815 938 1926 regni
954 1825 1009 1899 sui
1028 1821 1119 1897 fines
1140 1820 1284 1897 bellum
1309 1849 1382 1923 ge-

292 1930 428 2009 rebant
459 1927 779 2033 (proaeArnulpbo
799 1928 1008 2030 Occidentis
1022 1930 1261 2031 ,Imperatore
1278 1953 1382 2002 con-

293 2053 353 2114 tra
368 2034 866 2118 Zuentibaldum'Morauiae
890 2033 1029 2137 regem)
1054 2032 1244 2135 inuadens,
1263 2033 1382 2110 fami-

291 2142 353 2218 tiis
372 2168 504 2220 eorum
523 2140 673 2234 deletis,
700 2157 738 2216 ct
758 2146 823 2248 qui
840 2141 886 2217 ad
904 2139 1109 2243 custpdiam
1126 2141 1247 2215 relicti
1269 2157 1383 2216 erant

125 2250 128 2259 '
185 2297 188 2305 «
293 2247 435 2352 pulsis,
458 2248 531 2321 late
555 2250 723 2322 uastauit.
777 2249 909 2350 Itaque
939 2249 1080 2322 reuersi
1110 2248 1224 2321 Tucci
1248 2249 1382 2347 regio-

294 2377 382 2429 nem
404 2349 509 2429 suam¹
536 2349 738 2445 desertam,
766 2370 1020 2456 vastatamque
1054 2355 1308 2449 inuenientes,
1341 2355 1382 2428 in

294 2483 339 2534 ea
360 2476 479 2553 terra,
507 2483 619 2561 qnam
648 2458 694 2534 ad
728 2457 953 2535 hodiernum
985 2483 1103 2561 vsque
1138 2457 1238 2533 diem
1270 2460 1384 2540 inco.-

293 2564 404 2660 luut,
441 2563 542 2642 sedes
575 2581 789 2668 posuerunt.
802 2574 825 2610 “
867 2598 921 2630 -·-
957 2566 1150 2641 Vitariora
1183 2565 1228 2662 (a
1259 2582 1384 2665 ponte

293 2668 447 2774 Trajani
467 2688 505 2746 et
532 2669 735 2771 Beigcuda)
774 2696 870 2773 quae
896 2675 1021 2746 omnia
1045 2672 1178 2744 Turcis
1199 2667 1381 2755 habitan-

256 2837 258 2849 .
293 2793 376 2869 tur,
403 2779 625 2876 cognomina
656 2801 757 2869 nunc
789 2774 927 2851 habent
960 2804 981 2849 a
1007 2773 1222 2850 fluminibus
1251 2792 1384 2853 trans.-

293 2882 553 2958 cnrrentibus:
581 2896 719 2957 eurum
742 2883 1086 2982 primum-'Timeses
1108 2880 1288 2980 (Temes)
1319 2884 1384 2957 al-

293 3005 418 3063 terum
439 2991 553 3062 Tutes
576 2986 767 3087 (Alutai)
794 2992 950 3063 tertium
968 2988 1132 3063 Moreses
1156 2989 1381 3090 (Marusius)

293 3091 658 3196 quartumerisus'
677 3093 903 3194 (Chrysius)
931 3088 1107 3195 quintum
1133 3094 1222 3167 Tizu
1245 3093 1382 3192 (Tibi-

293 3198 438 3297 scus).“
484 3196 607 3291 >3Inde·
626 3199 762 3300 Magna
792 3201 984 3289 Moruuia,
1012 3197 1195 3300 baptismo
1210 3258 1212 3263 ,
1226 3223 1383 3295 canens,

285 3332 409 3408 quam
442 3307 557 3415 Tusci
582 3301 840 3403 deuastarunt,
868 3307 1050 3406 cuiusque
1078 3305 1257 3407 Princeps
1282 3306 1384 3382 olim

194 3445 204 3462 ·
293 3410 369 3512 suit
389 3409 732 3511 Suendopiucus‘f
784 3412 851 3512 „Et
878 3409 1046 3486 habitant
1067 3409 1236 3512 quidem·
1256 3413 1383 3490 Trans

293 3514 511 3606 Danubium
535 3517 675 3609 Tusci,
712 3517 752 3590 in
782 3533 881 3591 terra
910 3517 1100 3608 Menenia,
1127 3530 1240 3617 atque
1263 3518 1384 3595 etiam

293 3621 454 3697 ulterius
482 3622 582 3695 inter
612 3622 827 3697 Danubium
862 3635 920 3697 et'
941 3619 1076 3695 Sabam
1111 3663 1163 3682 -
1191 3620 1408 3711 Confines

126 3817 129 3823 ,
188 3805 192 3816 ¹
293 3742 417 3821 autem
459 3727 592 3800 Turcis
629 3744 757 3825 sunt:
808 3731 989 3805 orientem
1040 3753 1168 3802 versus
1199 3727 1383 3828 Buigani,

200 3827 224 3840 “’
293 3830 370 3905 vbi·
393 3856 456 3906 eos
493 3835 587 3906 Ister
609 3829 774 3928 fluuius,
812 3837 878 3934 qui
920 3849 958 3908 et
987 3830 1181 3908 Danubius
1212 3831 1381 3928 dicitur,
1416 3879 1419 3885 ·

295 3952 480 4039 separut3
534 3941 822 4040 septemtriones.
858 3964 985 4014 versus
1025 3939 1284 4030 Pucinucitae,
1329 3940 1407 4015 ad,

277 4039 523 4120 ‚occidentem
550 4043 707 4143 Franci,
734 4042 780 4120 ad
807 4044 1002 4121 meridiem
1029 4042 1239 4122 Cla-robati“
1279 4043 1379 4148 Cap.
