2872 4890
349 351 396 427 52

257 550 259 556 ⁵
297 565 436 669 paidin
461 563 567 654 ioco,
595 562 660 659 qui
685 583 783 631 nunc
808 554 948 628 dicitur
959 558 1053 631 Casu
1068 554 1255 655 (Bassai)
1283 553 1391 632 dedit

247 714 251 722 ·
298 691 434 746 terram
448 693 617 768 magnam
631 662 853 738 Ousadunac
871 664 964 764 patri
974 664 1139 751 Urzuur,
1149 677 1186 734 et
1196 661 1250 736 ibi
1269 659 1336 738 hic
1346 661 1391 736 ad

297 792 409 876 caput
441 772 619 874 fluminis„
637 771 786 868 Naragy
814 786 977 870 castrum
1005 771 1243 858 mustruxit3
1281 769 1393 868 quod

297 906 399 955 nunc
411 882 563 953 Urzuur
576 876 681 977 (Ora)
697 889 947 974 nuncupatur.
966 875 1063 946 Hinc
1083 898 1176 947 vero
1196 875 1285 949 Dux
1307 875 1392 950 Ar-

236 1018 238 1025 ’
297 985 371 1087 paid
389 1003 428 1060 'et
447 986 501 1058 aui
519 985 653 1087 egressi
671 995 857 1054 venerunt
876 1005 991 1078 usque
1011 977 1165 1052 fluuium
1188 981 1322 1079 aguas
1342 1021 1392 1037 -

298 1092 401 1168 Idem
429 1093 516 1167 Dux
555 1085 710 1192 Arpaid,
739 1087 777 1158 in
810 1085 904 1169 silua
935 1087 1079 1175 Mutua,
1115 1083 1218 1158 dedit
1245 1099 1393 1160 terram

167 1230 211 1258 ·«
297 1184 1393 1301 magnamEdunec,etEdumeruec‚vbiposteaPota'

295 1331 414 1406 nepos
447 1328 603 1390 eorum,
639 1317 800 1375 castrum
826 1296 998 1398 (Putat)
1033 1299 1268 1372 construxit“
1298 1301 1392 1402 Cap.

296 1409 460 1486 XXXIL
488 1409 609 1498 „Dux
632 1402 764 1506 Arpaid
788 1421 826 1478 et
847 1406 905 1479 aui
933 1403 1088 1492 milites,
1116 1403 1251 1503 egressi
1270 1429 1393 1478 vena·

295 1531 387 1590 runt
413 1537 528 1614 usque
554 1509 599 1584 ad
619 1520 810 1611 stagnum,¹
829 1507 932 1612 quud
951 1507 1046 1582 dicit¹
1068 1509 1329 1599 Curtuaitou,
1356 1525 1393 1586 et

295 1635 508 1697 manserunt
540 1617 591 1692 ibi
618 1619 722 1691 iuxta
749 1616 884 1691 siluam
915 1615 1133 1690 Gemeicsen
1155 1616 1203 1690 54
1229 1613 1392 1712 diebus,

224 1760 234 1771 ,
294 1743 332 1802 et
363 1727 402 1800 in
440 1724 506 1800 iilo
539 1723 626 1797 loco
651 1723 740 1794 Dux
773 1738 811 1795 et
841 1725 896 1796 aui
930 1719 1074 1795 nobiles
1107 1719 1394 1799 ordinauerunt

268 1856 422 1909 >omnus
460 1833 600 1932 regni
637 1825 1106 1903 consuetudinarias
1147 1827 1321 1929 leges.
1355 1843 1393 1905 at

292 1939 416 2015 omnia
441 1940 524 2015 iura
547 1939 646 2026 eius,
673 1933 835 2034 qualitur
852 1935 1037 2007 seruirent
1062 1936 1158 2007 Duci
1181 1951 1219 2008 at
1237 1935 1392 2011 Prima·

290 2043 389 2119 tibus
408 2047 482 2118 auis
503 2058 541 2116 et
561 2040 725 2142 qualiter
758 2038 935 2113 iudicium
959 2037 1147 2132 facerent,
1175 2066 1247 2142 pro
1283 2034 1400 2144 quo-⁴

236 2173 240 2179 ’
289 2152 382 2225 libet
405 2151 563 2223 crimine
584 2147 794 2221 commisso.
824 2147 881 2220 lbi
910 2147 1021 2220 etiam
1046 2147 1136 2219 Dux
1152 2144 1390 2225 condonauit

289 2260 363 2332 suia
399 2253 626 2343 Nobilibus,
664 2277 789 2325 secum
826 2251 1087 2344 venientibus,
1121 2249 1270 2328 diuersa
1304 2254 1389 2330 loon

289 2387 375 2435 cum
399 2356 574 2435 omnibus
602 2355 872 2431 habitatoribus
904 2361 1002 2451 suia,
1039 2373 1078 2432 et
1100 2358 1226 2433 locum
1256 2360 1388 2456 iilum,

287 2468 352 2544 vbi
382 2467 620 2541 haecomnia
646 2462 802 2537 fuerunt
832 2461 1022 2560 ordinata,
1051 2463 1225 2567 Hungari
1247 2490 1388 2542 sacua-

288 2573 378 2649 dum
402 2598 519 2648 auum
546 2571 684 2645 idioma
714 2573 1007 2647 nominaueruut
1039 2574 1173 2662 Sourta,
1206 2597 1255 2646 ao
1273 2572 1395 2674 quod¹

82 2686 86 2701 “
190 2672 192 2677 ’
290 2679 343 2754 ibi
367 2677 581 2754 ordinatum
602 2675 674 2749 fuit
700 2691 820 2753 totum
842 2683 1042 2778 negocium
1065 2679 1192 2776 regni3
1231 2695 1272 2752 et
1294 2682 1388 2754 Dux

289 2786 417 2861 locum
446 2779 548 2858 dedit
580 2778 876 2876 Oundunea,
924 2784 1024 2884 patri
1061 2785 1149 2875 Ete,
1185 2813 1207 2858 a
1235 2783 1388 2862 Thimia

254 2971 256 2974 ,
290 2889 482 2992 usquead
512 2907 681 2989 stagnum
709 2887 848 2978 Batua,
875 2904 913 2962 et
937 2887 1163 2963 Curtu'eitou
1191 2915 1315 2992 vsque
1332 2890 1388 2968 ¹ad

289 2996 464 3073 sabulum
487 2994 614 3096 inar.
642 3035 696 3050 -
724 2994 855 3069 Postea
878 3019 983 3085 vero,
1009 2998 1200 3072 transactis
1221 2998 1388 3098 quibua-

292 3101 376 3176 dam
413 3099 668 3201 tenporibus,
695 3098 810 3189 Ethe,
842 3099 939 3172 filius
967 3100 1130 3194 Oundu,
1158 3123 1390 3206 congregata

291 3206 532 3284 multitudiue
550 3204 790 3292 Sclauorum,
810 3203 897 3279 fecit
928 3209 1026 3281 iuter
1051 3209 1220 3283 Castrum
1242 3211 1390 3314 Olpar,

293 3332 332 3390 et
361 3330 514 3415 portum
545 3309 908 3386 Beuldu-aedificari
939 3331 1102 3387 castrum
1139 3313 1391 3396 fortissimum

244 3496 247 3500 ,
293 3419 342 3495 de
379 3435 502 3511 terra,
530 3416 647 3518 'quod
684 3408 975 3498 domiuauerunt
1015 3419 1136 3494 Sciaui
1177 3421 1391 3502 secundum

147 3589 152 3604 ι
294 3526 432 3601 idioma
455 3550 564 3600 suum
582 3524 816 3624 Surungrad,
844 3525 954 3629 idest:
984 3527 1147 3628 Nigrum
1164 3527 1354 3607 Castrum.
1367 3541 1390 3578 ·‘

268 3629 271 3634 ’
295 3635 383 3733 Cap.
411 3630 495 3706 XL.
521 3629 694 3728 Denique
718 3627 816 3704 idem
843 3629 977 3732 Arpa'ad
1002 3622 1191 3732 Boytae
1217 3661 1391 3737 proauo

43 3753 48 3761 ·
294 3733 506 3813 fidelissimo
548 3738 702 3812 seruitio
744 3736 861 3811 dedit·
891 3752 1030 3813 terram
1068 3767 1238 3840 magnam
1276 3744 1390 3820 iuxta

293 3841 488 3942 Thysciam
517 3841 865 3917 nomineTorhus“
891 3845 980 3944 Cap.
1008 3845 1148 3919 XLIV.
1176 3849 1224 3922 Et
1252 3873 1390 3928 versus

254 4005 260 4014 ·
289 3966 450 4031 castrum
477 3951 625 4025 Borona
646 3990 697 4006 -
721 3948 911 4043 Eudunec,
938 3950 1018 4024 filio
1053 3953 1145 4046 Ete,
1171 3951 1274 4030 dedit
1297 3971 1388 4033 ter.

291 4081 371 4135 ram
394 4058 498 4134 iuxta
520 4053 738 4157 Danubium
761 4078 848 4131 cum
876 4055 1021 4157 populo
1050 4083 1128 4134 non
1154 4079 1386 4160 aumerat03
