2872 4890
328 339 331 344 ’
362 342 414 416 ’54

309 571 348 630 et
368 550 406 627 hi
425 552 594 628 etiam'in
618 549 842 626 hodiernum
863 550 961 626 diem
984 551 1031 628 de
1045 553 1168 628 reteri
1177 538 1401 630 'Parcarum

312 662 536 759 cognomine
566 656 888 758 Sabartoe'asplrali
918 667 1203 760 nuncupantur“
1221 659 1273 733 de
1303 658 1400 734 adm.

309 767 461 868 Imperii
479 768 522 847 C,
533 766 756 859 XXXVIII.
792 763 848 836 De
867 767 1259 866 causacoguo'min
1274 767 1308 840 is
1330 762 1402 840 lru-

309 872 376 965 ius,
402 874 647 945 Constantino
661 868 1042 970 Porphyrogennetae
1057 873 1191 970 ignota,
1206 870 1275 945 diu
1298 872 1402 946 mul-

310 993 466 1080 tumque
498 977 720 1066 meditanti,
759 973 928 1048 videtur:
971 1002 1109 1049 nomen
1153 976 1293 1052 hoc-u
1316 979 1401 1055 loco

308 1086 342 1158 Z
353 1083 639 1158 abaortene
675 1083 776 1154 dicto
812 1084 898 1183 ipsis
926 1080 1150 1176 adhaesisse3
1180 1108 1270 1185 pars
1301 1088 1403 1161 enim

290 1192 431 1296 prima
463 1189 707 1289 cognominis¹
721 1187 905 1261 Subartoe'
923 1166 971 1258 ad
996 1212 1125 1262 vocem
1144 1189 1177 1260 Z
1187 1216 1208 1260 a
1220 1188 1402 1275 boor-te

307 1302 480 1399 proxime
506 1293 675 1382 aceedit,
715 1319 799 1391 pars
833 1291 1081 1368 veroaltera:
1122 1293 1401 1395 „asphali“

228 1414 234 1437 “
308 1403 460 1474 Graecis
488 1395 715 1471 tantumdem
742 1413 813 1470 est:
838 1421 883 1469 ac
909 1401 1063 1489 muniti,
1089 1402 1290 1496 securi,
1312 1405 1401 1480 tales

309 1532 403 1580 vero
425 1520 538 1581 erant
562 1501 814 1578 Zabaortenes
843 1503 880 1575 iu
924 1501 1071 1578 Parthia
1099 1506 1244 1579 incolae
1284 1527 1401 1585 natu·

269 1663 281 1687 .
308 1637 394 1703 rac,
420 1613 587 1708 artisque
606 1605 990 1702 munimento'securi,
1010 1609 1164 1685 testibus
1192 1614 1345 1690 Iustino
1365 1633 1402 1692 et

307 1717 453 1806 Plinio,
483 1718 547 1814 qui
574 1716 763 1812 regionem
798 1712 895 1787 hauc
924 1714 1075 1790 vberius
1103 1715 1399 1820 descripserunt.

307 1824 423 1920 „Loci
452 1821 747 1920 (Za'baorteuon)
774 1844 816 1892 ea
840 1819 1083 1913 conditione,
1106 1839 1146 1897 vt
1165 1846 1299 1924 neque
1314 1820 1400 1902 mu-

307 1930 421 2004 nitius
442 1927 651 2027 quidquam
671 1950 767 2016 esse,
791 1949 922 2025 neque
950 1929 1139 2001 amoenius
1170 1935 1307 2030 possit.
1345 1937 1399 2010 ln

306 2038 407 2111 enim
439 2050 476 2105 ct
501 2033 718 2132 praeruptis¹
739 2031 894 2131 rupibus
932 2034 1099 2134 rudique
1126 2036 1327 2134 cingitur,
1360 2057 1398 2115 vt

307 2137 592 2215 tutel'aloci
620 2135 1195 2214 nullisdefensionibus
1230 2162 1395 2244 egeat3

194 2275 197 2277 ·
305 2263 346 2320 et
364 2246 434 2318 soli
459 2243 753 2315 circumiacentis
777 2259 877 2314 tanta
896 2257 955 2318 'est
974 2243 1144 2341 ibertus,
1166 2262 1205 2319 rt
1227 2255 1395 2354 propriis

310 2342 690 2451 opibus-expleatur.
744 2351 819 2419 Iam
859 2347 1021 2422 fontium
1052 2376 1095 2425 ac
1123 2352 1323 2451 syluarum
1355 2384 1394 2433 es

204 2540 208 2548 ,
308 2472 364 2532 cst
391 2456 517 2558 copia,
539 2469 578 2526 rt
597 2468 635 2526 et
655 2479 837 2553 aquarum
858 2453 1084 2529 abundantia
1116 2459 1325 2560 irrigetur,
1360 2480 1395 2538 et

307 2563 549 2651 venationum
585 2558 838 2661 voluptatibus
866 2569 1094 2637 exornetur“
1122 2581 1249 2639 narrat
1278 2568 1392 2644 Iusti-

306 2693 377 2742 nus
403 2670 576 2767 Epitome
608 2668 722 2764 Trogi
762 2667 929 2768 Pompeii
952 2666 1076 2742 ‘Libro
1108 2671 1210 2744 XLl.
1232 2674 1327 2776 Cup.
1351 2676 1392 2750 V.

306 2765 334 2871 ‚,
342 2773 380 2846 A
407 2774 561 2874 Caspiis,
602 2773 784 2844 orientem
816 2798 962 2855 versus,
999 2778 1103 2872 regio
1144 2794 1199 2851 est
1231 2780 1393 2883 Zapa-

307 2908 365 2955 uo
380 2896 452 2954 rte
468 2903 528 2951 ne
549 2875 664 2977 dicta,
685 2893 722 2948 et
750 2874 792 2948 in¹
810 2901 851 2950 ea
879 2877 1076 2967 fertilitatis
1105 2883 1265 2980 inclytae
1288 2886 1393 2964 loeus

311 2988 516 3061 Daricum“
536 2985 667 3055 scribit
694 2983 836 3057 Plinius
852 2984 1039 3058 Historiae
1058 2988 1191 3061 Natum·
1216 2989 1304 3068 Lib.
1326 2996 1389 3070 VI.

241 3120 249 3128 ¹
309 3094 396 3193 Cap.
418 3090 525 3163 XVI.
556 3085 717 3170 Videtur
736 3087 844 3162 huius
862 3084 1070 3167 meminisse
1090 3097 1199 3169 etiam
1221 3095 1394 3188 Isidorus

309 3196 543 3275 Characenus
572 3195 609 3265 in
639 3192 787 3265 Parthia
810 3211 926 3270 natus.
970 3199 1000 3272 E
1031 3203 1192 3298 regionis
1221 3195 1394 3282 munitae

309 3304 589 3388 Zabaortenun,
616 3315 678 3371 aut
690 3301 950 3401 Zapsvortene
969 3307 1121 3378 nomine
1136 3311 1259 3408 potuit
1272 3317 1395 3412 proin

309 3412 496 3484 Maiarum
523 3423 739 3478 nostrorum
769 3431 977 3506 cognomen
1004 3430 1224 3512 corruptum
1247 3415 1394 3492 Sabar-

310 3511 509 3614 toe'asphali
538 3527 662 3584 ortum
692 3507 857 3604 duxisse,
876 3540 917 3585 ac
939 3519 1040 3613 regio
1061 3519 1298 3594 Zabaorteuu
1327 3549 1394 3599 se·

250 3659 256 3708 3
311 3621 374 3718 des
393 3614 582 3721 quondam
604 3614 723 3688 fuisse.
759 3619 814 3691 Eo
847 3622 962 3720 magis
983 3644 1068 3695 cum
1092 3626 1213 3699 Moses
1240 3624 1394 3704 Chore·

308 3727 431 3800 nensis
461 3737 602 3824 partem
621 3719 840 3796 Parthorum
861 3725 908 3796 ab
936 3726 1100 3828 Imperio
1131 3731 1339 3809 Persarum·
1351 3763 1394 3812 se

309 3829 545 3916 subduxisse,
572 3853 614 3900 ac
643 3824 863 3904 Lechorum
880 3830 1038 3907 ditiones
1067 3837 1241 3914 inuasisse
1270 3855 1394 3920 teste-

266 3969 269 3977 .
309 3954 381 4016 aar.
402 3933 486 4011 uit.
511 3933 575 4055 ln.
604 3937 691 4035 cap.
712 3935 836 4010 xxu.
861 3978 912 3999 --
931 3940 1096 4019 xxxn.
1121 3941 1164 4054 ¹⁴).
