2880 4890
1045 311 1124 398 69*

256 523 436 613 Iliplonnttn
458 523 538 588 haec
566 525 596 585 in
626 534 770 589 extracto
800 527 1050 616 communicata,
1078 552 1148 591 cum

204 628 273 690 aliis
289 637 339 692 45.
352 651 391 691 ex
403 629 533 691 archiuo
544 623 706 691 Palatinali
720 634 904 694 Franciscus
918 633 1043 711 Subich,
1054 658 1150 717 penes

200 739 307 797 Seren.
332 738 486 820 quondam
507 737 669 799 olbertum
694 741 951 823 Caesareo-reg.
974 742 1149 824 Principem

156 910 159 919 Ι
203 864 238 903 uc
270 846 549 906 Locumtenentctn
581 844 759 926 Hungarine
792 865 808 903 a
837 846 971 906 Secretis
998 847 1148 928 prodidit.

201 949 395 1011 Documenta
430 949 611 1010 Chunorum
642 959 673 1010 et
699 955 841 1009 lasunutn
872 953 1070 1034 pluritnasin
1097 977 1149 1014 ar-

203 1052 296 1115 cltiuo
325 1054 451 1114 Ordinis
473 1054 660 1116 Theutunici
682 1055 868 1117 conduntur.

161 1184 192 1281 ᾗ.
224 1187 284 1260 46.
315 1186 393 1259 Nec
417 1189 552 1257 micum
578 1188 752 1286 cuiquam
777 1186 966 1278 videatur,
994 1187 1149 1262 Clutnu-
1175 1215 1179 1224 ‘

55 1290 426 1365 rum'nrcitentibus
466 1293 580 1365 serius
617 1297 748 1384 etiam,
786 1319 854 1366 vsu
887 1292 1149 1392 pharetrarum

58 1396 304 1487 euilescente,
333 1399 565 1495 lazygum,
593 1402 711 1496 gentis
741 1397 980 1497 alienigenae,
1009 1425 1145 1472 nomen

58 1506 101 1577 in
130 1504 217 1604 ipsis
246 1526 401 1602 quoque
424 1505 543 1602 Regni
569 1501 724 1575 decretis
746 1503 959 1579 inhaesisse:
988 1506 1148 1605 Stepha-

59 1634 133 1681 nus
164 1608 344 1705 llocsltay,
372 1609 647 1680 Tt·ansiluaniae
676 1610 871 1710 Princeps,
909 1613 1062 1711 propria
1079 1611 1148 1684 ,fa-

59 1714 188 1787 miliae
217 1739 325 1804 suae,
352 1729 389 1785 et
410 1714 568 1786 aliorum
595 1712 740 1813 praedia
764 1714 901 1814 aliqua,
929 1717 1029 1789 bello
1052 1716 1173 1792 cun-s
1260 1726 1284 1766 Ἃ

61 1838 124 1893 tra
156 1818 363 1893 liudolfum
391 1820 484 1919 lmp.
517 1843 559 1891 ac
583 1821 628 1891 It.
652 1820 699 1891 H.
734 1819 927 1907 consentu,
946 1866 952 1879 ·
969 1822 1147 1896 militibus

63 1926 141 2005 suis
173 1925 430 2027 pedestribus,
481 1923 791 2023 Hajdonibus
834 1924 961 2015 dictis,
1002 1928 1147 2026 aliquot

10 2077 34 2118 μ
62 2030 224 2105 millium
253 2057 430 2119 numero,
468 2029 680 2123 ‹listuibuit3
720 2056 760 2102 ac
793 2028 861 2103 boe
888 2034 1053 2132 ipsorum
1078 2058 1146 2105 co·

60 2138 211 2230 loniae,
251 2135 430 2238 oppida
474 2134 813 2235 Hajdonicalia
844 2135 965 2227 dicta,
1008 2163 1143 2211 nomen

62 2270 172 2319 suum
198 2246 363 2316 retinent
394 2240 614 2333 hodiedum,
640 2247 812 2342 quamuis
841 2246 945 2345 pauci
973 2268 1019 2317 ex
1045 2246 1148 2343 ipso-

62 2375 150 2425 rum
179 2348 487 2422 descendentibus
518 2351 724 2450 supersint3
762 2346 1041 2449 occasioneque
1059 2351 1147 2423 belli

61 2480 143 2529 non
170 2455 328 2556 amplius
353 2451 566 2554 Hnjdoues,
596 2454 658 2527 sed
687 2457 871 2527 Huszanus'
897 2453 1052 2527 babeant
1075 2473 1150 2528 sta-

60 2560 233 2635 tuendos.
255 2560 348 2631 ·'Ptu·i
373 2585 493 2632 ttaeuo
523 2559 733 2649 laboratur,
761 2560 852 2631 dum
877 2561 1022 2632 incolae
1044 2561 1124 2660 Nag

61 2682 102 2741 et
125 2667 431 2757 Kis-Orozenses‚
456 2669 562 2738 ctiatn
584 2667 620 2735 in
648 2664 1031 2766 Diplumatibus,
1061 2669 1151 2739 ttu-

53 2770 204 2847 tbcni
233 2773 507 2871 compellantur
535 2773 598 2869 (V.
620 2773 785 2873 ipsorum
807 2773 1001 2872 priuilegia
1023 2772 1153 2871 aVla-

60 2878 182 2953 dislao
210 2881 258 2953 ll.
296 2878 448 2951 obtenta
489 2878 595 2950 MSS.
629 2880 825 2978 Kaprinay
860 2880 984 2973 Tamo
1013 2879 1056 2949 L.
1083 2876 1150 2950 sub

44 2980 104 3063 ΙΒ.
130 3012 168 3088 p.
191 2987 278 3061 279.
304 3001 342 3057 et
364 2984 465 3084 sqq.)
494 2984 576 3054 licet
605 3011 623 3052 a
653 3000 754 3082 gestu
781 3008 956 3074 munere,
984 2982 1151 3057 custodia

60 3116 203 3193 nempe
239 3107 369 3191 poetae
402 3091 507 3161 aulae
540 3092 661 3188 regiae
693 3130 743 3144 .„.
774 3087 845 3161 hoc
881 3092 980 3163 enim
1009 3117 1150 3183 ¹nomen

59 3198 197 3271 Onon
226 3213 356 3269 nostro
395 3195 569 3268 idiomate
607 3195 696 3266 olirn
736 3195 853 3267 valuit
892 3197 964 3292 (V.
992 3195 1151 3296 Pacispai

64 3301 502 3398 Dictionarium)-sint
519 3327 652 3372 nomen
676 3299 764 3372 illud
784 3302 993 3391 consecuti3
1023 3325 1154 3372 encore

63 3404 255 3500 Istucinfii,
283 3413 348 3508 qui
380 3412 476 3507 ipsos
502 3424 628 3478 contra
653 3405 760 3477 fidem
782 3406 1008 3478 Histoeicam
1031 3434 1050 3476 a
1073 3409 1159 3480 ttu-

62 3513 189 3590 tltenis
201 3513 368 3606 deduxit,
381 3540 543 3614 quorum
563 3529 686 3585 tantan
702 3536 769 3583 nec
784 3511 960 3609 linguam,
973 3536 1044 3583 nec
1065 3514 1160 3603 ritus
1252 3554 1255 3558 ·

67 3616 342 3721 profitebantur
381 3645 566 3719 unquam,
605 3614 766 3691 llutlteni
799 3620 931 3715 passim
963 3620 1160 3714 cognomi-

68 3740 216 3803 nantur.
246 3728 412 3801 Scilicet:
441 3726 545 3797 stilus
566 3743 691 3797 nostet·
710 3723 855 3795 curialis
876 3750 952 3795 non
976 3748 1064 3817 vno,
1092 3721 1156 3798 sed

16 3886 20 3892 .
70 3829 269 3935 plurimis,
299 3830 456 3905 infectus
483 3849 537 3903 eat
562 3830 763 3903 muribus.
808 3874 812 3883 ·

64 3964 71 3971 ·
150 3938 193 4037 -§.
226 3942 286 4011 47.
326 3940 472 4011 lasones
505 3953 682 4011 nostrates
710 3935 894 4009 Philistaei
925 3937 1034 4040 etiam
1056 3954 1157 4009 sunt

62 4043 297 4149 compellati,
325 4069 367 4117 ac
392 4041 543 4147 quidem
568 4046 603 4116 iu
623 4043 764 4141 legibus
779 4067 932 4141 quoque
953 4044 1083 4144 patriis
1097 4069 1156 4117 vs-
