2872 4890
353 352 403 430 66

300 563 589 658 consuetudine,
616 562 841 642 documento
865 566 1121 670 Diplo'matum
1148 572 1273 646 Caroli
1300 569 1387 646 Ra-

297 678 419 769 berti,
468 698 510 747 ae
541 672 796 774 Sigismundi3
833 698 876 746 ac
903 691 1100 776 postquam
1133 678 1221 751 sub
1238 676 1386 752 Mathia

298 783 487 873 Coruino,
533 795 830 868 tormentorum,
879 781 1175 908 scloporumque
1216 809 1283 857 vsu
1322 787 1385 855 in·-

298 888 531 977 ualesceote,
579 883 798 986 pharetrarii
836 892 1026 960 necessarii
1060 914 1136 963 esse
1170 889 1383 963 desierunt:

216 996 220 1005 ’
296 999 349 1071 sie
396 992 484 1066 dicti
534 991 736 1092 Iazyges
719 1018 763 1061 ιιι
816 989 1085 1066 redemtionem
1133 997 1275 1068 seruitii
1325 997 1386 1070 sui

297 1101 442 1204 pristini
458 1122 614 1171 censum
647 1096 774 1170 Pbar·
757 1102 990 1171 etrurior
1004 1127 1072 1173 um
1097 1098 1280 1176 habebant
1302 1101 1387 1175 sol-

230 1285 232 1287 ,
296 1205 471 1280 uendum.
499 1201 533 1299 *)
574 1203 611 1276 Α
643 1201 833 1277 tractando
867 1228 978 1299 areu,
1016 1208 1080 1305 qui
1110 1207 1216 1280 nobis
1243 1224 1297 1281 est
1329 1207 1386 1310 lj,

292 1311 509 1413 oonrpeliati
527 1305 650 1409 {jasz
674 1307 956 1410 (pharetrarias)
981 1310 1201 1411 permodum
1220 1310 1325 1386 hal‘
1311 1340 1387 1387 asz

293 1414 490 1518 (Piscator)
524 1442 545 1485 a
567 1412 674 1500 bat,
711 1415 863 1517 (pisce),
893 1415 1069 1490 vadasz
1091 1418 1327 1516 3(Venator).,
1363 1447 1386 1491 a

294 1522 383 1597 vad
402 1518 543 1620 (fera),
567 1537 634 1593 oto.
648 1522 705 1594 Ειι
720 1519 812 1622 Ijais'a
837 1549 926 1596 vero
942 1548 1008 1624 per
1032 1548 1220 1626 syncopen
1240 1523 1385 1599 factum

293 1630 421 1721 Iasz3
438 1624 588 1700 naboe
612 1643 832 1726 commatum
859 1652 1014 1701 nomena
1043 1631 1277 1719 Iaszones,
1302 1656 1384 1732 quo

294 1737 457 1839 primum
480 1748 564 1807 sunt
590 1733 823 1832 compeliati3
859 1736 952 1806 sicut
986 1761 1031 1808 ex
1061 1735 1252 1809 Hnszar
1284 1761 1385 1811 eon·

293 1845 420 1917 fictum
451 1840 614 1910 manauit
644 1840 976 1927 Ηιιιιιιοιιεε,
1004 1864 1051 1914 ex
1079 1841 1239 1943 Hajdu
1266 1841 1385 1941 Haj-

294 1951 444 2022 dones
473 1962 542 2018 ete
565 1947 673 2017 Ex
639 1972 673 2043 ι
663 1961 805 2016 norata
823 1947 858 2017 vi
872 1941 1051 2037 nominis,
1081 1973 1149 2048 per
1169 1951 1384 2050 Scriptorea

294 2071 442 2130 exteros
474 2051 677 2151 (Princeps
707 2053 899 2124 Rarrzanns
927 2050 1098 2153 Apulus)
1126 2051 1216 2127 dicti
1245 2057 1323 2131 laz
1332 2081 1383 2154 y

182 2250 185 2261 .
293 2186 379 2264 ges.
409 2155 481 2231 Sed
507 2160 770 2230 excommunis
799 2155 919 2248 sedes,
946 2184 1161 2235 communio
1184 2187 1324 2234 tortum
1341 2176 1383 2236 et

294 2265 652 2367 praerogatinarum,
680 2261 816 2360 quibus
836 2267 1000 2354 lasones,
1026 2290 1069 2336 ac
1090 2263 1208 2338 Chuni
1230 2284 1382 2341 nostra-

294 2388 347 2443 tes
367 2366 576 2468 gaudebant
593 2367 833 2481 gaudentque
849 2372 1039 2463 continuo,
1061 2374 1259 2470 genuinam
1274 2377 1382 2476 ipso-

294 2501 379 2550 rum
397 2462 710 2574 eognationerira
702 2475 830 2548 diatim
859 2473 1096 2551 demonstrat.
1135 2478 1413 2580 Sicutproin,

294 2580 414 2655 Chuni
438 2580 724 2654 Transiiuan'iae
756 2597 828 2652 et
821 2581 865 2652 ad
902 2582 1047 2681 Vagam
1073 2609 1207 2656 nomen
1243 2588 1381 2660 Siou-

245 2736 248 2745 -
296 2689 454 2762 lorum
487 2710 563 2757 non
592 2684 642 2755 ab
674 2686 879 2783 uriginibus
913 2691 1003 2762 suis
1012 2688 1199 2785 Scytbulis
1225 2708 1290 2764 aut
1315 2694 1380 2765 Si-

295 2793 387 2866 culis
423 2791 571 2880 italiae,
611 2789 673 2862 sed
703 2816 749 2862 ex
785 2817 921 2890 genere
953 2796 1068 2865 munii
1097 2797 1152 2866 sai
1188 2799 1379 2886 militaris,

294 2895 462 2972 Szekel
473 2924 519 2995 y,
548 2897 608 2970 sie
630 2922 782 2996 qnoque
813 2896 851 2969 bi
881 2923 956 2970 non
986 2926 1006 2969 a
1037 2900 1232 3000 Iazygibus
1253 2905 1380 2977 Meta-

284 3003 424 3093 'nastis,
461 3002 539 3076 sed
533 3030 631 3102 qua
660 3007 1012 3095 arcitenentes,
1051 3005 1380 3106 pharetrarii,

296 3096 513 3200 Jaszo'num,
540 3105 693 3180 demum
729 3113 902 3209 Iazygum
933 3112 1258 3213 compellationem
1288 3133 1381 3190 sunt

297 3215 430 3290 sortiti.

338 3342 367 3420 *)
390 3341 477 3401 Anno
499 3347 589 3404 1523,
605 3338 741 3401 Carolus
761 3340 828 3401 Rex
846 3342 984 3418 'Larzam
1014 3337 1110 3407 filium
1124 3342 1282 3421 ‘Zokam
1306 3349 1381 3407 toa·

393 3445 481 3520 chin,
510 3444 611 3506 filium
637 3443 854 3522 Turducb,
887 3449 1033 3511 iacobum
1055 3450 1157 3512 ‘filium
1185 3450 1381 3530 Keske'n,

291 3575 299 3594 ι
394 3549 534 3626 enaret,
565 3549 662 3610 fitium
687 3545 932 3629 Ambustum,
954 3554 1161 3632 Demetrium,
1186 3556 1283 3617 titium
1308 3562 1381 3620 Su-

392 3657 442 3719 bu
452 3657 483 3731 i,
506 3653 696 3739 Stephanum
708 3701 717 3731 ,
737 3656 834 3718 filium
864 3661 888 3717 B
901 3680 917 3720 e
930 3680 999 3743 ega
1009 3682 1027 3722 a
1036 3684 1056 3723 n
1068 3708 1078 3739 ,
1100 3662 1230 3724 Paulum
1243 3709 1253 3741 ‚
1274 3664 1378 3727 filium

250 3812 252 3819 .
289 3803 291 3806 ψ
393 3762 590 3837 Μοῖιιιιιι,
621 3761 796 3838 dameam,
818 3763 916 3824 filiam
946 3758 1135 3845 obstan,
1162 3766 1323 3832 Zacharan
1344 3783 1379 3835 et

392 3870 491 3932 filiam
513 3868 670 3946 eiusdem,
693 3869 909 3948 Demetrium,
932 3871 1030 3933 filium
1056 3876 1212 3958 Keyan,
1240 3877 1380 3959 Stepha-

394 3993 490 4048 num,
522 3971 621 4034 filium
652 3973 888 4052 nurmanhnn,
920 3978 1044 4061 Arpan,
1066 3979 1244 4058 Andream,
1275 3982 1377 4063 filium

349 4128 352 4134 .
391 4080 582 4162 Zuagan,
613 4076 761 4153 Zaducb,
795 4078 893 4142 filium
932 4081 1149 4164 Kalcben,
1181 4064 1378 4172 Georgium,
