2872 4890
248 321 297 401 24

269 479 319 638 ⁴5.
351 536 411 611 14.
440 533 557 611 Penes
587 528 803 627 chazaros,
840 547 920 609 tuna
934 525 936 530 ’
949 528 1171 609 hodiernam
1191 529 1285 609 cat·

192 667 335 719 maeam
363 640 587 735 incolentes,
620 635 824 716 substitisse
848 640 1011 741 primum
1033 638 1286 738 Magyaroee

20 743 25 752 ¹
153 770 155 777 ·
191 772 325 850 magna
356 746 548 849 Hungaria
581 770 766 849 egressos,
802 745 1033 849 illorumque
1056 770 1176 820 annos
1200 760 1305 822 tres*

192 858 233 931 iu
265 853 438 930 omnibus
465 853 571 928 bellis
600 855 718 928 socios
749 868 787 926 et
813 850 1024 947 adiutores,
1062 873 1310 954 eorumque,

191 958 266 1034 vnti
282 960 409 1052 tribu,
436 958 695 1036 Chabarorum
715 984 871 1059 nempe,
898 975 1025 1032 auctos
1048 954 1193 1032 ibidem
1215 955 1285 1031 fu-

190 1068 281 1160 isse,
307 1065 428 1142 donec
457 1069 533 1141 orie
561 1092 609 1141 cx
642 1065 716 1141 illie
744 1089 814 1166 per¹
847 1065 1091 1140 Paozinacitae
1123 1060 1286 1139 diuieim

191 1175 375 1248 orientem
402 1198 444 1247 ac
481 1170 710 1276 occidentern
747 1195 876 1258 versuo
902 1170 1225 1265 remanerentur3
1261 1195 1285 1245 e

189 1274 549 1381 Porphyrogenneta
576 1277 649 1376 (de
666 1276 762 1352 adan
785 1275 878 1379 Imp.
901 1301 933 1350 c.
959 1275 1048 1373 58.)
1072 1277 1256 1351 nouimus
1274 1301 1302 1371 ε,

191 1381 440 1480 „ancorum
455 1385 571 1457 liene
598 1382 691 1457 olim
711 1407 832 1483 prope
851 1381 1064 1457 Chanariam
1084 1378 1285 1464 habitahat

162 1561 164 1568 .
190 1492 234 1564 in
252 1486 361 1579 loco,
387 1491 449 1573 cui
466 1511 676 1590 cognomen
703 1485 957 1581 Lebedias,
985 1513 1008 1560 a
1028 1490 1152 1590 primo
1172 1488 1285 1592 ipso-

188 1620 277 1686 rum
299 1592 504 1688 Boiibodo,
537 1594 606 1696 qui
634 1594 788 1669 nomine
813 1592 970 1695 quidem
998 1592 1183 1670 Lebediae
1212 1622 1286 1699 ap-

190 1698 424 1805 pellabatur,
452 1698 631 1800 dignitate
649 1724 764 1793 nero,
792 1685 1112 1799 quemadmodum'
1134 1700 1285 1802 reliqui

190 1808 269 1881 eine
288 1824 514 1883 emoaeaorea
534 1802 731 1880 Boiilaodue
751 1803 966 1880 vocabatur.
1005 1807 1051 1881 ln
1070 1803 1143 1906 hoc
1160 1807 1285 1906 igitur

132 1982 135 1987 .
191 1910 302 2004 loco,
329 1913 511 1995 nimirum
542 1911 580 1986 in
613 1909 798 2014 praedicta
827 1909 1016 2005 Lebedia,
1049 1909 1132 1988 fluit
1154 1913 1295 1987 amnis.

191 2015 427 2111 Chidmae,
455 2018 523 2118 qui
542 2018 653 2092 etiam
679 2015 952 2118 Chyngilus
970 2019 1282 2120 cognominatur.

102 2206 105 2214 ι
190 2163 243 2192 -.-
268 2121 498 2196 Habitarunt
526 2138 652 2196 autem
687 2147 773 2197 eum
800 2122 971 2198 Chazarie
1000 2125 1106 2198 annis
1127 2123 1257 2199 tribus
1270 2179 1284 2216 ,

190 2227 368 2303 omnibus
392 2249 534 2303 'eornm
557 2229 597 2300 in
623 2225 730 2304 hellle
761 2226 959 2313 adiutores.
1013 2229 1123 2303 Facta
1146 2245 1285 2306 autem
1312 2295 1316 2303 .

188 2334 289 2408 inter
328 2331 511 2407 Chanar-oo
547 2335 750 2424 secessione
790 2333 969 2436 belloque
1009 2335 1112 2410 ciuili
1155 2353 1283 2430 orto,

187 2462 275 2542 para
296 2441 407 2533 vicit3
435 2464 457 2512 e
484 2438 591 2513 victis
607 2464 692 2540 pars
712 2440 824 2540 occiei
840 2455 953 2533 eunt,
980 2467 1065 2543 pars
1088 2440 1285 2543 fugientes

190 2543 238 2621 ad
260 2546 405 2622 ancae
424 2570 463 2623 ee
491 2545 757 2642 contulerant,
794 2561 1061 2649 contractaque
1083 2550 1284 2642 amicitia,

164 2650 365 2738 ,Gabari
393 2650 568 2754 appellati
609 2668 705 2727 eunt
744 2690 795 2719 -·÷-
838 2655 1086 2746 Paczinacitae
1120 2670 1285 2746 antem,

169 2757 258 2857 'qui
285 2759 470 2857 Congar
497 2756 590 2839 olim
609 2755 971 2856 cognominabantur
983 2761 1085 2860 (nam
1105 2759 1180 2834 hoc
1201 2787 1285 2835 no-

158 2894 164 2904 ·
188 2887 276 2943 men
292 2865 438 2966 Gargar
454 2861 554 2965 apud
575 2865 673 2965 ipsos
692 2863 930 2943 nobilitatem
946 2890 991 2938 ac
1011 2863 1285 2945 fortitudinem
1301 2856 1303 2861 ’

188 2969 392 3073 significat)
420 2963 531 3045 armis
558 2968 890 3046 eontraChazaros
907 2973 1035 3065 ertmtil
1057 2972 1165 3063 victi,
1195 2989 1316 3047 ter-·---

132 3142 142 3155 x
188 3100 272 3150 ram
291 3100 395 3151 snam
423 3073 593 3151 deserere
614 3079 734 3150 coacti
761 3117 813 3135 -
841 3080 907 3176 qui
937 3076 1025 3178 fuga
1054 3096 1284 3174 euaserunt,

188 3183 462 3257 circumeuntes
482 3179 712 3280 quaerebant
739 3179 891 3257 rhinam
919 3183 1022 3258 sedes
1047 3211 1129 3260 suae
1149 3185 1284 3281 collo·-

188 3304 348 3383 narent3.
367 3290 635 3388 venientesque
663 3288 701 3360 in
723 3304 881 3381 terram,
909 3315 1021 3395 quam
1043 3293 1187 3365 Torone
1214 3294 1285 3365 iu-

150 3419 155 3425 ·
187 3391 380 3486 colebant,
405 3393 464 3469 hie
486 3391 678 3469 debellatis
704 3391 806 3469 aedes
836 3397 905 3498 ipsi
937 3421 1021 3471 sues
1050 3395 1102 3470 ibi
1133 3414 1281 3500 posu‘e-

105 3496 108 3502 ’
187 3515 290 3574 runt.
319 3541 371 3557 -
410 3501 620 3578 turcarum
652 3503 850 3576 exercitus..
870 3501 1040 3583 deuictus
1072 3505 1111 3576 in
1148 3518 1281 3604 partes

87 3648 89 3650 ·
188 3601 278 3684 duaa
301 3603 443 3681 diuisus
476 3603 571 3697 fnit3
597 3623 785 3682 eteorum
815 3634 888 3682 vua
914 3595 1065 3709 quidem
1088 3610 1282 3687 orientem

181 3734 314 3813 'versus
332 3727 476 3814 partem
496 3711 641 3787 Persiae
660 3714 819 3788 incoluit
846 3754 897 3769 -·
935 3713 1050 3793 altera
1072 3739 1169 3790 vero>
1186 3740 1281 3814 pars

187 3814 419 3893 occidentem
436 3841 566 3894 versus
594 3816 696 3893 sedes
727 3821 850 3920 posuit
873 3845 960 3894 cum
976 3818 1155 3896 Boe'bodo
1176 3846 1279 3916 sno,

187 3945 230 3995 ac
262 3925 362 3997 Duce
381 3922 546 3999 Lebedia
575 3925 612 3995 in
646 3924 737 3999 locis
762 3923 1013 3999 Atelcuzu.
1033 3930 1274 4028 nuncupatis.

53 4051 55 4056 ⁴
83 4098 87 4103 ,
187 4069 238 4087 -—
266 4029 389 4105 Locus
415 4031 546 4129 (quem
563 4031 893 4121 tuncPacinacitae
913 4031 1098 4131 Magyarie
1118 4032 1274 4108 ademe-
