2872 4890
1031 331 1337 451 ,161

175 550 237 648 cio
267 546 424 637 Palatini
452 551 568 651 regni
586 539 728 641 nostri,
756 552 820 650 qui
847 548 964 623 fuerit
994 573 1065 651 pro
1092 565 1268 654 temporo
1337 594 1339 599 ·

176 657 422 749 constitutus,
449 654 715 748 subiacebunt,
742 651 837 731 sieut
866 672 1035 759 tempore
1063 657 1174 732 Belee
1200 684 1264 734 re-

174 763 255 863 gis,
278 765 360 833 aui
394 764 518 835 nostri·
546 759 667 835 iuerat
701 763 912 860 institutum
925 777 944 857 ς’
977 768 1045 865 qui
1076 763 1266 864 quoslibet

168 893 263 957 ,cum
284 866 416 942 incolis
436 869 544 970 regni
573 868 691 941 nostri
711 870 749 940 in
777 868 953 946 omnibus
975 868 1142 946 articulis
1162 870 1264 946 iudi-
1347 882 1351 893 '

172 972 299 1073 nabit,
327 971 508 1067 assidente
526 976 560 1047 ei
579 972 720 1063 iudice,
749 1000 814 1050 seu
840 975 1019 1078 principe,
1047 978 1116 1078 qui
1137 978 1175 1051 in
1196 999 1281 1080 get-¹
1319 970 1326 986 '
1358 1061 1363 1087 1

128 1097 133 1113 ·
173 1080 371 1155 uenatione
390 1077 560 1179 quolibet
578 1077 692 1157 fuerit
709 1081 919 1174 institutns3
941 1098 1058 1184 prout
1074 1109 1097 1154 a
1114 1099 1265 1188 tempo·
1362 1132 1367 1142 ι

174 1211 219 1258 re
243 1186 304 1259 aui
329 1185 445 1263 nostri
466 1186 641 1261 extiterat
661 1183 938 1263 obseruatum.“
970 1186 1054 1266 Vid.
1075 1189 1198 1266 T0m0
1214 1191 1261 1266 v·

176 1290 265 1366 vot.
283 1291 331 1366 II.
354 1317 389 1391 p.
420 1278 507 1364 5'1'2.
527 1316 610 1392 sqq.
637 1291 671 1390 ⁸)
1200 1317 1202 1320 -
1315 1308 1319 1316 ·

215 1391 247 1474 *)
269 1394 392 1477 Exiguo
424 1401 569 1479 tenpore
598 1394 770 1459 manserint
793 1395 895 1458 Chuni
926 1406 998 1481 post
1025 1394 1157 1463 caedem
1179 1400 1262 1483 regis
1375 1431 1377 1437 r

269 1499 317 1563 sui
339 1490 480 1560 Kutheni
494 1496 619 1561 indicio
637 1498 780 1563 ‘Palatini
807 1500 961 1563 subiecti:
981 1522 1054 1564 narn
1084 1492 1264 1588 Stephanus

157 1642 160 1645 ,
268 1629 328 1682 rex
355 1606 481 1684 iunior,
514 1614 682 1693 postquam
707 1605 767 1690 ipsi
788 1625 861 1668 cum
877 1609 989 1670 .Patre
1013 1625 1071 1669 suo
1097 1609 1173 1671 Bela
1201 1631 1277 1693 non,
1312 1643 1314 1648 ·

271 1709 688 1791 conuenit,ludieatum
711 1706 994 1800 Cumanorum
1016 1723 1198 1778 constanter
1218 1716 1266 1777 si-

271 1816 308 1879 ti*
325 1816 496 1879 vindicauit
508 1863 518 1894 ‚
548 1816 736 1881 testantibus
765 1815 881 1881 nostris
908 1817 1152 1907 Diplotnatihus.
1195 1825 1264 1907 ipso

271 1942 346 1984 vero
367 1943 501 2005 regnum
524 1942 565 1985 ex
592 1930 660 1985 toto
681 1919 817 2006 adepto,
835 1921 1005 2008 Moyses
1026 1925 1186 1991 Palatinus
1208 1950 1263 1990 oc·
1334 1952 1337 1960 ⁴

161 2096 164 2103 .
269 2029 373 2091 currit
396 2026 474 2089 mihi
495 2027 640 2110 primus,
664 2027 720 2111 qui
742 2049 803 2090 vna
825 2027 960 2095 ludex
981 2030 1041 2094 fuit
1063 2025 1263 2096 Cumano·

267 2158 370 2199 rum.
415 2136 493 2198 Mox
521 2155 574 2199 res
606 2133 746 2219 ipsorum
772 2133 818 2196 ita
847 2136 1052 2216 adornarunt,
1074 2148 1145 2203 rte
1167 2147 1262 2222 gente

270 2265 326 2305 sna
344 2242 513 2305 habuerint
543 2240 723 2325 Hungariue
742 2240 917 2305 Palatinum
939 2250 973 2304 et
991 2241 1132 2307 iudicem
1154 2265 1262 2319 suurn,

157 2400 159 2404 .
270 2349 370 2427 Mota,
391 2349 467 2410 olias
487 2346 669 2410 Mokianum
690 2344 820 2409 dictum.
839 2345 912 2410 Vid.
932 2348 1124 2433 Diplomata.
1145 2353 1261 2436 Cuma·

165 2466 168 2472 ’
268 2478 326 2520 noa
348 2431 573 2520 sinistram
598 2463 690 2516 naa.
714 2451 899 2517 interfuisse
920 2445 1069 2537 tegimus.
1253 2531 1255 2536 y

272 2570 301 2666 i.
332 2569 394 2642 40.
425 2562 547 2642 Chuni
569 2565 844 2665 superstitioni,
873 2563 1119 2667 moribusque
1135 2569 1258 2671 genti·
1382 2587 1383 2590 ’

175 2674 273 2750 libus
296 2675 537 2777 pertinaciter
557 2669 717 2762 addicti,
745 2685 946 2770 postquam
964 2670 1060 2744 facta
1078 2676 1259 2765 secessio·
1364 2751 1365 2756 ,

153 2850 157 2859 .
175 2807 236 2873 ne,
264 2780 390 2882 fugam
409 2782 448 2851 in
472 2776 574 2852 sedes
592 2776 767 2880 pristinas
785 2777 904 2850 moiiti
927 2775 972 2851 ad
990 2777 1153 2882 livaszeg
1169 2790 1264 2882 gra*-

175 2889 215 2960 ui
235 2885 336 2959 clade
351 2884 444 2959 caesi
465 2898 561 2971 sunt,
591 2907 759 2986 magnam
781 2881 933 2982 quidem
950 2886 1005 2956 sni
1024 2885 1262 2975 immunitio·

128 2993 133 3001 ’
167 3017 264 3067 ‚nem
287 2993 381 3097 passi
405 2999 526 3084 sunt,
541 3013 654 3089 quam
675 3003 798 3061 tamen
818 2987 1003 3065 Ludouici
1021 2991 1133 3093 primi
1155 2990 1259 3069 Mi.

174 3101 389 3173 virtutisne
416 3094 532 3185 laudis
552 3095 707 3169 bellicae
730 3093 828 3167 fama
854 3091 979 3173 denuo
997 3099 1110 3172 exciti
1139 3123 1258 3174 sarse-
1363 3122 1377 3132 ¹·

172 3220 275 3280 runt.
311 3204 504 3304 Erantque
523 3199 560 3274 hi
584 3202 687 3300 prius
716 3199 883 3291 Thomas
910 3200 1105 3304 Vajuodae
1132 3204 1259 3297 Tran-

173 3309 307 3384 siiuani
335 3310 508 3411 potestati
535 3307 695 3401 subditi3
741 3322 793 3378 ast
827 3307 936 3380 subin
965 3306 1129 3381 eiusdem
1161 3312 1259 3413 regis

171 3414 414 3518 benignitate,
443 3430 641 3517 postquam
661 3415 838 3498 incitante
857 3413 959 3513 ipso,
986 3414 1108 3497 auitae
1124 3439 1258 3518 super·
1367 3500 1371 3514 ¹

171 3522 336 3615 stitioni,
364 3545 466 3596 sacra
493 3519 699 3594 Christiana
723 3517 905 3619 amplexi,
933 3520 1112 3594 nuncium
1138 3523 1258 3597 misia

172 3645 275 3724 sent,
313 3631 388 3702 suis
415 3627 453 3698 in
485 3626 678 3729 Hungaria
711 3623 878 3728 cognatis
909 3622 1083 3719 adunati,
1119 3624 1258 3705 horum
1307 3693 1325 3711 ,,
1386 3659 1388 3663 ’

172 3735 320 3808 iuribus
339 3750 379 3808 et
399 3732 605 3835 priuilegiis
622 3729 768 3820 donati,
796 3736 911 3830 atque
929 3731 1099 3805 Palatino
1131 3732 1256 3838 'Regni
1366 3798 1369 3805 ,

173 3865 220 3914 ex
236 3867 358 3940 aequo
379 3840 532 3914 subiecti
562 3837 722 3910 fuerant.
749 3837 798 3910 V.
822 3836 999 3938 Diploma
1025 3836 1114 3911 anui
1140 3839 1254 3915 1545.

173 3948 264 4021 Erat
298 3971 389 4051 ergo
413 3943 475 4018 hic
507 3924 726 4017 Chunorutn
757 3944 796 4014 in
831 3944 1027 4051 Httngaria
1065 3942 1257 4020 descensus

172 4055 305 4129 tertius
328 4067 365 4128 et
394 4049 555 4128 altimus.
579 4045 795 4151 ¹Subsequis
827 4056 897 4124 iam
925 4050 1157 4155 temporibus
1179 4045 1263 4128 Cu*
