2872 4890
218 320 292 394 ‘60

188 530 297 609 Belse
320 500 434 630 Regis
459 526 581 603 luerat
609 529 832 622 institutum,
852 527 1099 607 subiacentes:
1132 521 1276 618 „Ladi-

188 638 308 730 daus,
332 637 376 710 D
397 661 454 736 gr
476 632 559 711 Rex
580 632 858 737 Hungariae-
877 678 929 694 —
947 634 1275 710 adrniuersorum

135 817 137 826 ,
188 743 363 819 notitiam
389 741 563 818 volumus
584 744 802 844 peruenire:
828 741 931 844 qnod
956 767 1026 816 nos
1045 783 1097 798 --
1117 781 1169 795 -
1193 733 1276 814 Do-

104 895 106 899 ·
188 850 312 933 minos
331 845 378 923 de
405 848 579 926 Comanis
600 864 639 922 et
661 846 816 924 Nobiles
843 850 1120 934 Comanorum,
1153 870 1198 918 ac
1214 861 1276 918 to-

125 978 134 997 ·
189 973 266 1032 tam
288 970 437 1056 gentem
455 953 701 1047 eorumdem,
736 957 775 1029 in
805 980 922 1056 regno
951 971 1082 1029 nostro
1108 953 1276 1026 existen

188 1077 289 1152 tem,
316 1059 463 1135 solenni
494 1076 534 1136 et
575 1009 721 1162 publida
757 1061 1048 1161 congregatione
1075 1062 1112 1133 in
1152 1081 1271 1156 regno

189 1183 321 1244 nostro
339 1164 458 1264 facta,
484 1182 523 1242 et
548 1164 715 1266 diligenti
745 1166 1015 1242 deliberatione
1037 1192 1124 1243 oum
1154 1164 1278 1238 Baro·

189 1273 299 1350 nibut
327 1289 365 1347 et
392 1272 596 1350 Nobilibus
622 1276 728 1373 regni
762 1276 879 1349 nostri
896 1271 1025 1349 habita
1053 1267 1278 1348 descendere

189 1378 346 1455 fecimus
365 1375 480 1451 modo
498 1404 542 1452 ac
559 1377 652 1452 locis
671 1377 926 1481 infrascriptis
951 1419 1004 1435 ···
1027 1377 1125 1464 Quia
1142 1380 1278 1500 copio-

76 1497 84 1517 ‘
189 1509 228 1560 sa
243 1478 447 1559 multitudo
467 1483 724 1559 comanorum
746 1488 941 1587 copiosum
963 1499 1088 1558 terrae
1111 1485 1275 1585 spatium

190 1587 377 1693 cupiebat,
386 1594 592 1683 statuimus,
615 1605 655 1664 rt
679 1587 716 1663 bi
726 1646 740 1685 ‚
760 1593 827 1694 qui
846 1614 933 1666 eum
948 1593 1191 1716 generatione
1213 1615 1278 1666 sua

190 1697 290 1769 inter
317 1695 536 1769 Danubium
574 1711 613 1769 et
647 1695 859 1791 Tibiscum,
900 1713 966 1772 aut
988 1699 1092 1771 iuxtn
1121 1695 1280 1771 flumina

64 1891 68 1901 Ι
190 1801 284 1894 Cris,
312 1801 408 1875 vel
397 1817 496 1875 mter
522 1800 677 1875 flumina
693 1800 827 1876 Moruz
843 1817 881 1876 et
887 1803 1011 1894 'Kriz,
1031 1818 1095 1876 aut
1110 1827 1158 1876 ex
1172 1817 1279 1876 vtra-

191 1933 266 2011 que
286 1920 393 2011 parte
413 1905 574 1983 fluminis
593 1905 779 2001 eiusdem,
799 1908 896 1982 vel
885 1924 983 1983 inter
1000 1856 1152 1981 llumina
1175 1904 1279 1982 The-

190 2039 275 2089 mus
291 2028 329 2088 et
352 2007 506 2106 Morus,
539 2029 604 2087 aut
621 2015 719 2088 circa
750 2011 879 2089 eadem
910 2012 1201 2106 descenderant,
1241 2030 1280 2088 et

194 2146 275 2195 non
296 2117 411 2213 alias,
435 2115 500 2194 sed
516 2144 628 2223 super
649 2110 784 2195 eisdem
808 2118 1042 2213 fluminibus,
1074 2145 1139 2193 seu
1163 2070 1278 2212 ldcis,

158 2255 162 2262 ’
192 2223 272 2300 siue
285 2229 414 2317 terris,
435 2223 573 2327 quibus
590 2225 761 2327 primitus
774 2226 979 2329 quamlibet
996 2228 1280 2327 generationem

184 2331 283 2404 ‘cum
311 2332 386 2407 suis
416 2329 666 2405 tabernaculis
700 2331 883 2408 Dominus
919 2331 1008 2406 Bela
1035 2336 1146 2424 Rex,
1185 2357 1279 2405 auus

193 2451 338 2530 noster,
350 2434 676 2513 illustrissimusll.
691 2436 817 2542 Hung.
830 2437 979 2514 inclitae
995 2435 1277 2529 recordationis,

192 2492 416 2631 descendere
425 2541 576 2638 fecerat,
585 2544 636 2619 ibi
649 2560 687 2621 et
701 2542 1031 2621 nuncdescendant
1045 2561 1082 2619 et
1091 2542 1280 2619 resideant

196 2649 312 2725 modo
341 2651 542 2751 praemisso
552 2646 628 2750 (in
650 2651 775 2742 villis,
816 2663 923 2726 more
958 2645 1279 2740 Christianorum,

115 2755 118 2760 ’
194 2757 234 2828 in
261 2754 435 2830 aedificiis
457 2772 494 2829 et
513 2754 687 2829 domibus
705 2758 787 2832 solo
806 2756 906 2853 fixis)
922 2772 1101 2857 tanquam
1128 2756 1279 2832 Nobi-

195 2860 268 2941 les
294 2863 447 2965 regni
425 2863 556 2936 nostri
572 2902 623 2918 -·-
639 2862 689 2936 Hi
714 2879 754 2937 et
775 2865 931 2938 Comani
940 2863 1101 2965 aequali
1123 2889 1278 2964 praero-

195 2972 317 3093 gatiua
342 2952 591 3071 gratulentur
612 2969 781 3046 Praecise
798 2972 1060 3094 expressimus,
1082 2968 1283 3070 quodDo-

195 3075 289 3147 mini
319 3090 357 3148 et
384 3073 537 3148 Nobiles
575 3077 828 3165 Comanotum
861 3079 1051 3170 vniuersi,
1078 3091 1116 3149 et
1138 3075 1283 3176 'singuli

196 3177 243 3253 ad
267 3195 441 3256 nostrum
467 3181 698 3274 exereitum,
728 3181 776 3254 nd
800 3207 913 3282 quem
933 3208 1001 3256 nos
1030 3180 1280 3307 personaliter

196 3289 474 3381 accesserimus,
493 3287 626 3360 venire
646 3302 862 3375 teneantur,
885 3288 993 3364 sicuti
1019 3290 1134 3362 ceteri
1154 3286 1283 3367 Nobi-

198 3390 405 3492 learegales
421 3393 647 3488 seruiente's3
670 3411 709 3468 et
725 3397 833 3495 siqui
847 3419 893 3470 ex
911 3391 1042 3470 uadem
1050 3393 1282 3494 negligentes

196 3498 420 3617 exstiterint,
439 3496 594 3573 eandem
611 3449 806 3596 vltionem,
826 3498 1003 3603 idemque
1020 3498 1198 3574 iudicium
1209 3525 1282 3602 pa-

196 3605 371 3695 dentur,
386 3617 499 3705 quam
519 3603 579 3678 vel
606 3606 740 3708 quod
729 3622 926 3684 incurrent
949 3606 1012 3678 alii
1040 3604 1196 3682 Nobiles
1213 3626 1293 3681 re-·

193 3713 258 3811 gni
276 3714 410 3804 nostri,
424 3710 491 3809 qui
511 3735 587 3786 non
609 3715 796 3799 veniendo
807 3715 1018 3788 exstiterint
1036 3709 1278 3813 negligentes.
1299 3724 1303 3730 “

198 3817 280 3894 Nec
301 3816 373 3892 hoc
399 3820 747 3918 praetermittimus,
783 3819 887 3921 quod
916 3818 1029 3905 iidem
1048 3818 1202 3893 Domini
1230 3818 1282 3893 de

199 3924 374 4074 Comanis
392 3937 430 3998 st
449 3921 595 4003 nobiles
612 3941 650 4004 et
667 3928 886 4010 vniuersins
905 3911 1158 4046 Cumanorum
1176 3924 1280 4003 iudi
